3934 6034
416 675 464 747 22
496 691 641 743 CCXXXI.
655 708 777 744 noratur
792 709 943 744 ravacrrvn
957 710 986 744 rs
1000 710 1267 745 nurneaouasrross
1282 711 1466 747 sncennores.
1481 713 1563 747 usur.
1579 704 1637 747 1521.

419 873 566 945 aptantes,
599 866 627 925 id
657 873 700 925 est
730 865 767 926 ad
795 867 936 944 pessimas
964 874 1043 926 artes
1064 867 1136 925 inito
1158 866 1289 944 refugio,
1321 871 1423 929 armati
1447 870 1549 930 frande
1572 878 1600 930 et
1622 869 1705 937 ciniis,

420 988 495 1029 noco
517 969 647 1029 certandi
669 976 810 1046 usurpato
833 986 955 1044 genere,
980 969 1081 1028 edictis
1102 987 1274 1046 oppugnare
1290 990 1344 1031 nos
1358 975 1476 1051 paratis.
1514 972 1586 1033 Rem
1602 991 1706 1031 noram

364 1078 450 1133 §.net
477 1072 633 1131 inauditam
658 1079 813 1150 rostroque
842 1072 1070 1148 indignissimam
1099 1072 1194 1132 officio
1223 1080 1251 1133 et
1279 1076 1422 1134 instituto!
1454 1076 1529 1147 Quid
1550 1084 1647 1135 antem
1690 1073 1698 1158 Ι
1727 1086 1751 1129 m

418 1176 443 1234 ri
460 1183 485 1234 et
510 1176 660 1234 coactione
682 1193 756 1252 opus
779 1174 860 1234 cobis
883 1182 940 1242 est,
964 1176 1015 1253 qui
1037 1174 1203 1234 huiusmodi
1227 1184 1375 1236 certamen
1399 1177 1571 1245 decertatis,
1594 1179 1624 1237 iu
1647 1196 1706 1255 qno

418 1278 482 1353 cogi
506 1295 592 1336 nemo
615 1276 719 1337 debet?
751 1283 800 1337 ant
823 1277 891 1356 qnid
915 1279 1125 1354 imperatorum
1148 1276 1277 1355 epistolis
1307 1285 1334 1337 et
1362 1279 1568 1358 diplomatibus
1591 1280 1727 1356 nuperi-s

419 1380 488 1438 mini
516 1381 565 1457 qni
594 1386 636 1437 tot
664 1379 776 1439 habetis
803 1399 869 1458 qnae
897 1382 972 1439 tueri
1002 1398 1052 1438 ros
1079 1380 1202 1439 deireant
1225 1398 1323 1439 sacras
1346 1389 1374 1440 et
1396 1381 1613 1457 irrefragabiies
1635 1382 1707 1441 scri·

364 1482 537 1559 §.t-pluras?
570 1481 626 1541 Sed
650 1482 736 1541 etiarn
760 1481 834 1541 nitra
862 1481 942 1558 leges
964 1490 991 1542 et
1015 1482 1121 1542 Christi
1151 1484 1279 1542 instituta
1309 1481 1450 1543 extulistis
1479 1486 1637 1563 potentiam
1661 1503 1708 1543 re·

418 1592 524 1652 stram,
548 1592 573 1644 et
598 1586 654 1644 iarn
677 1603 735 1644 non
759 1586 911 1661 scripturn
934 1586 1114 1651 testimonio,
1142 1586 1193 1645 sed
1216 1593 1319 1645 restra
1341 1588 1498 1646 maiestatis
1520 1588 1625 1645 intuitu
1647 1589 1707 1645 rin-

419 1707 487 1748 cere
509 1686 610 1747 rnltis:
645 1689 713 1747 estis
736 1690 812 1748 enim
837 1688 965 1765 episcopi
988 1705 1022 1746 ac
1044 1687 1225 1756 sacerdotes,
1249 1696 1276 1748 ct
1293 1689 1399 1749 Christi
1416 1690 1509 1749 ricem
1529 1690 1630 1767 geritis
1644 1689 1707 1756 hirc

419 1809 510 1869 qnare
538 1789 679 1850 obsistere
707 1790 788 1850 rolris
816 1808 874 1849 non
902 1789 984 1856 licet,
1019 1808 1114 1868 neque
1144 1790 1241 1849 dicere
1269 1793 1425 1869 quicquam
1448 1791 1602 1851 adversum
1629 1790 1743 1859 liceto

420 1895 476 1953 ianr
499 1894 585 1953 etiarn
608 1911 666 1951 non
689 1894 812 1952 sentire:
842 1910 909 1951 nam
925 1899 952 1950 et
968 1893 1161 1951 conscientias
1177 1892 1256 1951 cobis
1277 1904 1394 1953 nostras
1408 1893 1563 1962 sunnonis,
1587 1901 1615 1954 et
1630 1894 1707 1972 qnod

419 2012 436 2053 a
459 1995 540 2054 roiris
562 1996 671 2055 dictrnn
695 2003 744 2054 ant
767 1997 866 2054 tictnnr
890 1995 991 2062 inerit,
1015 2011 1070 2070 pro
1092 2012 1177 2053 sacro
1201 2002 1228 2054 et
1250 2003 1351 2055 murto
1375 1995 1477 2056 {raheri
1499 1996 1598 2063 ciecet;
1629 1994 1708 2056 nulia

421 2106 521 2159 contra
544 2101 633 2167 ratio,
663 2097 732 2158 nulii
756 2105 844 2157 testes
867 2095 961 2155 raicre
984 2096 1106 2162 cionem:
1140 2115 1190 2154 ros
1212 2096 1361 2167 moliendi,
1391 2117 1441 2157 ros
1463 2099 1603 2176 sequendi
1630 2099 1707 2165 ostis,

366 2208 599 2279 §.tqnocrnupre
620 2199 807 2260 abduxeritis
851 2199 886 2257 ,n
907 2200 962 2258 iam
984 2197 1109 2276 amplius
1130 2216 1188 2257 non
1210 2218 1383 2277 sequemur,
1407 2200 1642 2279 qnandoquidem
1688 2197 1695 2282 Ι
1729 2210 1752 2254 n

421 2322 479 2362 non
496 2304 648 2382 sequimini
665 2303 718 2379 ipsi
735 2282 892 2361 Christum.
937 2302 960 2359 si
976 2302 1171 2378 sequeremini
1188 2303 1274 2366 enirn.
1292 2305 1391 2380 ntique
1408 2302 1579 2380 posthabitis
1594 2300 1708 2379 opibus,
1722 2322 1744 2360 rs

422 2404 541 2473 delitiis,
571 2405 728 2464 ambitione
755 2410 784 2461 et
810 2402 880 2462 luxu
909 2421 1027 2462 crucem
1057 2405 1119 2462 eins
1147 2404 1277 2469 ferretis:
1310 2404 1361 2463 sed
1384 2405 1450 2483 quia
1478 2405 1650 2464 discessistis
1673 2402 1709 2462 ab

366 2519 410 2569 §.s
423 2507 485 2575 iiio,
509 2507 602 2566 donec
619 2507 736 2585 quidem
752 2506 875 2572 airestis,
899 2524 956 2564 non
980 2506 1153 2564 accedemus
1169 2505 1204 2564 ad
1222 2524 1286 2573 ros;
1310 2507 1480 2583 quominus
1502 2509 1577 2566 eninr
1595 2507 1711 2565 aeaeis

421 2609 592 2669 cinctoriirns
621 2612 648 2668 in
677 2626 807 2668 errorem
836 2607 1057 2674 abstrahamur,
1087 2607 1190 2667 melior
1216 2607 1365 2685 apostolus
1389 2608 1494 2667 Paulus
1523 2606 1614 2667 rmdto
1643 2615 1710 2666 ante

421 2712 492 2772 carii
523 2711 625 2770 inimus
653 2731 684 2769 se
713 2713 816 2788 suique
843 2708 967 2777 stodes,
1002 2710 1050 2787 qni
1080 2709 1256 2788 exemplaria
1286 2712 1348 2769 ritae
1377 2709 1461 2769 nobis
1493 2729 1557 2768 esse
1591 2711 1709 2787 possint,

421 2816 518 2891 sequi,
548 2832 642 2891 neque
666 2831 794 2890 nnqnarn
817 2812 899 2871 olrire
921 2820 987 2889 post
1009 2831 1059 2871 eos
1082 2813 1131 2890 qni
1154 2811 1228 2872 maie
1251 2811 1415 2879 ambulent,
1440 2813 1581 2871 ‘inimicos
1604 2812 1745 2879 cruciseo

422 2915 556 2994 quornm’
585 2916 678 2993 inquit
706 2917 780 2974 ‘linis
807 2914 931 2991 perditio
960 2922 1018 2982 cst,
1048 2933 1173 2993 quornm
1202 2915 1274 2974 dens
1296 2923 1396 2974 center
1419 2921 1476 2982 est,
1505 2919 1532 2972 et
1561 2913 1652 2991 gioria
1682 2914 1711 2972 in

422 3017 567 3078 dedecoro
590 3018 736 3094 ipsorum,
760 3018 809 3095 qni
830 3017 978 3076 terrestria
1001 3014 1125 3084 cnrant';
1153 3019 1404 3077 comersationenr
1420 3019 1496 3077 enirn
1512 3013 1711 3092 apostolorum

366 3121 482 3199 §.niqui
505 3138 572 3178 rere
595 3126 671 3199 sunt)
702 3120 731 3177 in
761 3119 840 3179 remiis
862 3137 934 3178 esse.
981 3118 1024 3177 En
1048 3119 1189 3196 propheta
1219 3119 1367 3196 apostolus
1395 3136 1483 3196 qnam
1510 3117 1649 3195 graphice
1692 3114 1700 3199 Ι
1739 3130 1753 3172 r

422 3241 472 3282 ros
487 3222 648 3299 descripsit,
665 3240 752 3300 qnam
768 3223 897 3282 omnium
913 3220 1006 3281 oeulis
1021 3229 1107 3298 atque
1123 3222 1225 3281 animis
1241 3223 1326 3280 ritam
1343 3221 1467 3281 cestram
1483 3222 1624 3298 exprosnit.
1668 3221 1712 3278 An

422 3344 527 3403 parurn
550 3324 705 3400 agnoscitis
727 3323 763 3384 de
786 3323 867 3381 robis
888 3323 1013 3390 dictrun,
1037 3341 1127 3400 annn
1150 3323 1316 3384 inrinsrnodi
1332 3326 1396 3383 ritae
1418 3324 1525 3383 conscii
1542 3321 1623 3380 rolris
1639 3322 1710 3388 sitis,
1721 3342 1746 3381 as

422 3446 518 3506 noque
534 3425 617 3486 aliter
633 3424 784 3485 ambulare
801 3444 851 3484 ros
867 3442 968 3483 onmes
990 3426 1097 3494 sciant,
1125 3443 1225 3484 onmes
1248 3426 1363 3485 rideant
1385 3443 1471 3505 quarn
1494 3432 1560 3501 post
1582 3422 1712 3501 roitipta·

424 3538 481 3590 tern
509 3529 620 3596 earnis,
652 3545 684 3586 ac
717 3528 811 3587 odisse
840 3545 957 3587 crnccnr
988 3526 1109 3595 Christi,
1141 3545 1207 3586 cnm
1237 3528 1309 3587 dura
1332 3530 1428 3588 omma
1458 3527 1588 3606 fugiatis,
1617 3543 1713 3603 neque

425 3649 552 3709 nnqnnrn
582 3629 694 3689 adversi
725 3628 832 3707 aliquid
863 3647 916 3706 pro
944 3629 1059 3688 Christo
1088 3629 1202 3697 secans,
1232 3630 1259 3687 in
1287 3631 1365 3688 omni
1395 3629 1529 3697 mollitie,
1559 3630 1661 3688 inertia
1685 3635 1715 3687 et

354 3748 414 3798 §.nt
425 3734 529 3794 delitiis
552 3733 637 3791 ritacn
661 3734 769 3808 agatis?
803 3732 859 3791 Sed
882 3731 1031 3809 quomodo
1055 3732 1110 3789 rinr
1134 3732 1249 3791 ferretis
1272 3732 1378 3810 quihus
1407 3733 1511 3791 institia
1535 3731 1630 3805 pravis
1653 3730 1713 3789 est‘t

423 3843 473 3896 aut
494 3835 641 3914 quomodo
665 3833 849 3894 maledictum
873 3834 1011 3893 audiretis
1034 3834 1083 3910 qni
1106 3834 1233 3893 recitatis
1254 3834 1351 3892 sonitu
1366 3834 1563 3909 offendimini?
1588 3832 1746 3894 rcriteraso

424 3946 536 4006 autern,
565 3944 709 3996 tormenta
732 3944 761 3995 ot
783 3942 908 3995 mortem
938 3953 992 4012 pro
1015 3934 1130 3994 Christo
1153 3936 1339 4012 pateremini,
1369 3953 1435 3995 curn
1459 3937 1549 4015 siquis
1571 3955 1586 3994 a
1610 3953 1713 3995 somno

423 4213 568 4278 Aptemns:
588 4209 665 4259 dolus
679 4224 714 4256 un
727 4209 827 4266 virtus,
843 4209 903 4272 quis
918 4208 946 4256 in
958 4208 1038 4256 hoste
1052 4207 1209 4270 roqrrirnt?''
1261 4203 1272 4235 ²
1291 4223 1409 4270 genereo
1424 4210 1448 4255 1.
1502 4205 1611 4270 edictis]
1632 4206 1715 4255 dietis

426 4302 482 4348 Μ.
536 4292 613 4361 Rern]
633 4295 737 4357 Quinti·
791 4292 1104 4359 ⁵dyplomatib.1.2.r.
1151 4289 1181 4321 ²⁶
1196 4308 1247 4356 pro
1260 4295 1422 4355 experimini
1444 4297 1501 4343 m.
1522 4295 1579 4348 (ced
1591 4295 1615 4339 2.
1630 4295 1654 4339 in
1673 4308 1714 4339 er-

426 4391 476 4434 rot.
494 4381 636 4432 vocobulum
655 4382 796 4430 addendum
814 4396 870 4429 cese
884 4381 1025 4444 ecpreacit)
1046 4383 1069 4430 6.
1089 4378 1180 4426 liabent
1200 4394 1267 4442 opus
1286 4378 1364 4425 robis
1384 4385 1437 4434 est,
1457 4383 1473 4427 5
1491 4378 1565 4428 dubet
1583 4393 1650 4443 opus
1669 4393 1715 4426 vo-

426 4472 482 4532 bis3
501 4476 527 4516 nt
546 4470 669 4526 dedimus,
695 4472 732 4516 eat
750 4471 775 4514 c'n
796 4468 834 4521 3.,
861 4466 1022 4529 experimini
1042 4479 1109 4529 opus
1128 4464 1207 4512 vobis
1226 4469 1267 4511 est
1287 4466 1311 4510 d.
1333 4463 1467 4512 ,ilrincdins
1484 4481 1532 4527 pro
1551 4479 1619 4527 opus
1637 4462 1716 4511 voitr's

427 4562 469 4605 cst
488 4555 559 4603 alircd
576 4558 717 4618 qrn’cqunm,
736 4553 784 4601 ced
801 4552 869 4617 quod
886 4555 970 4615 tepere
988 4567 1038 4600 non
1054 4556 1141 4615 posset
1161 4550 1314 4611 adscriptum
1332 4564 1387 4596 esse
1400 4549 1431 4597 nb
1444 4551 1480 4598 ΙΙ,
1494 4550 1608 4596 ocinotot.
1649 4547 1658 4572 ²
1677 4553 1715 4595 te·

426 4639 555 4691 stimoniil
576 4641 599 4686 1.
636 4638 933 4687 testimoninm2.5.d.
970 4637 1073 4684 intuitir
1094 4637 1117 4682 1.
1150 4634 1277 4681 intuitum
1298 4638 1388 4683 2.5.o.
1451 4633 1577 4699 ⁹geritis
1596 4649 1664 4681 corr.
1679 4633 1714 4680 ΙΙ.

427 4727 630 4790 agitisedd.et
651 4726 676 4773 3.
742 4722 763 4754 ¹⁰
787 4723 932 4787 quidquam
953 4723 976 4768 i.
1048 4720 1065 4751 ¹¹
1092 4714 1172 4785 qnod]
1192 4717 1224 4781 qd
1247 4723 1270 4768 l.
1291 4721 1397 4785 quido.
1458 4717 1477 4748 ¹²
1500 4718 1603 4767 habere
1623 4719 1715 4765 1.3.6.

428 4811 447 4844 ¹⁶
466 4811 575 4861 deliciis
590 4813 613 4857 6.
662 4810 808 4859 eroeernd.
857 4808 877 4840 ¹⁷
890 4808 964 4857 cecis
979 4808 1004 4853 3.
1043 4806 1165 4855 efficiet.
1214 4803 1234 4836 ¹⁵
1247 4804 1446 4854 alistrohunrur.
1461 4804 1557 4852 Melior
1571 4807 1595 4850 6.
1625 4799 1715 4864 Pani]

427 4915 468 4963 op.
484 4896 518 4945 nd
532 4895 649 4959 i’irilipp.
664 4896 714 4943 Ill.
732 4893 770 4942 18.
784 4909 823 4956 sq.
887 4889 1015 4956 ²⁰obire]
1031 4892 1080 4941 obs
1100 4907 1128 4938 re
1149 4890 1203 4935 LO.
1271 4887 1441 4953 cosluos3.
1500 4889 1605 4937 inimici
1626 4891 1715 4937 1.2.5.

425 4983 551 5032 inimicos
569 4997 638 5030 corr.
659 4981 692 5029 ΙΙ.
710 4986 736 5028 et
757 4982 794 5026 aie
811 4976 902 5024 linirent
921 4978 945 5025 2.
966 4981 991 5025 in
1014 4978 1119 5028 erratio.
1140 4976 1201 5023 Μ.
1261 4973 1283 5005 ²²
1306 4971 1460 5039 apostorum
1481 4976 1503 5021 1.
1561 4971 1582 5003 ²³
1602 4973 1670 5023 celis
1689 4977 1715 5023 3.

423 5068 628 5118 verreriam.
670 5063 692 5096 ²⁸
709 5063 829 5113 mollicie
843 5064 929 5110 ms.
973 5060 997 5092 ²⁹
1016 5062 1127 5111 deliciis
1148 5063 1205 5110 Μ.
1259 5060 1416 5109 iusticias.
