3934 6034
386 691 542 744 cccnvn.
562 706 697 742 carnuou.
712 683 916 742 nvcvnnarron.
931 702 1034 739 nnacnr
1048 703 1090 738 nr.
1105 696 1380 738 apponctamento.
1395 702 1452 739 rna.
1469 697 1526 740 tuat.
1565 670 1637 743 399

353 867 488 930 roslaum,
509 867 658 924 Palatinum
673 865 867 927 Siratlienscm.
893 881 975 939 quum
998 862 1040 919 liic
1060 871 1154 937 ageret
1176 863 1267 919 nescio
1290 863 1353 937 quitl
1372 864 1522 921 minitatum
1545 865 1572 921 in
1588 867 1639 924 Lu·

355 954 499 1014 tlreranos,
529 952 574 1008 uhi
602 952 716 1008 redisset
747 952 773 1007 in
795 950 924 1025 patriam:
947 967 1022 1010 eitra,
1045 948 1170 1023 quoniam
1193 956 1334 1004 senserant
1355 951 1565 1008 amantissimum
1587 953 1638 1009 mei

354 1037 505 1111 crebroque
529 1055 579 1093 nos
601 1037 728 1098 invisere,
751 1036 880 1110 suspicati
900 1043 963 1090 sunt
984 1034 1091 1108 qnialam
1111 1034 1178 1089 meis
1199 1033 1287 1089 rcrlns
1302 1044 1501 1109 exasperatum.
1525 1054 1638 1111 meoque

354 1131 485 1179 armatum
507 1121 632 1178 consilio.
674 1122 749 1177 Nunc
773 1138 844 1180 rein,
867 1128 897 1176 ut
916 1119 1013 1181 haliet.
1033 1119 1135 1192 accipe.
1158 1120 1193 1174 mi
1210 1118 1348 1180 llotzeme‚
1370 1129 1397 1175 ct
1413 1120 1549 1195 intelliges
1566 1124 1637 1195 quorl

334 1210 515 1282 atraquentor
537 1208 647 1264 maxima
669 1208 702 1263 ilc
718 1206 803 1262 nihilo
826 1206 946 1262 nascitur
967 1204 1089 1260 historia.
1132 1205 1218 1272 tinum
1241 1204 1402 1260 induxissem
1419 1204 1587 1262 llieroslaum
1611 1208 1637 1263 in

355 1293 560 1353 tntttottiecam.
589 1291 634 1347 ille.
663 1292 754 1347 iniecit
782 1291 945 1347 mentionem
969 1290 1002 1345 tle.
1022 1290 1155 1348 luthero:
1186 1290 1305 1360 rogavit.
1335 1306 1397 1345 num
1424 1290 1521 1347 ‹loctus
1550 1301 1637 1354 esset:

355 1378 464 1452 probavi
486 1378 645 1434 tlaretrinam.
690 1377 753 1449 qttitl
775 1376 903 1431 sentirem
918 1376 951 1430 ilc
965 1374 1138 1446 ‹logmatilrns
1153 1375 1225 1436 eins;
1250 1374 1293 1429 aio
1309 1391 1364 1429 rem
1381 1391 1440 1431 esse
1456 1394 1537 1450 supra
1553 1395 1637 1433 meam

353 1464 552 1535 cognitionem.
583 1463 688 1518 tametsi
713 1462 805 1533 negari
839 1478 891 1516 non
915 1469 1010 1534 posset
1032 1458 1106 1514 illum
1128 1458 1210 1514 multa
1236 1458 1362 1532 praeclare
1385 1461 1524 1523 tltrctrisse,
1554 1463 1637 1518 multa

350 1556 427 1603 recte
450 1549 600 1608 monuisse.
623 1556 650 1601 et
677 1546 783 1602 linlcera
806 1545 925 1619 iqrrmilam
949 1545 1058 1600 lortiter
1078 1544 1236 1616 exagitasse.
1280 1553 1359 1617 rogat
1382 1563 1450 1620 qnos
1466 1545 1538 1602 illius
1554 1547 1638 1604 lilrros

321 1641 345 1682 ¹⁰
356 1633 525 1707 potissimum
548 1632 706 1707 prolrarem;
728 1631 836 1686 nomino
857 1630 1065 1685 commentarios
1085 1629 1110 1683 iu
1131 1628 1224 1702 viginti
1246 1628 1365 1703 psalmos
1387 1639 1414 1685 et
1436 1649 1504 1705 opus
1524 1634 1557 1689 ile
1573 1651 1639 1707 qna·

355 1718 503 1774 tuonlecr'tn
527 1718 657 1793 spectris.
685 1716 753 1772 ailtlo
779 1734 827 1771 eos
848 1714 932 1770 libros
955 1715 1034 1771 etiam
1055 1713 1108 1769 illis
1130 1714 1240 1788 prolrari
1263 1715 1309 1788 qni
1331 1714 1452 1789 reliquos
1473 1717 1638 1779 tlaurnarent,

354 1821 505 1877 qtaanqnam
528 1812 555 1858 et
580 1803 605 1857 iu
630 1802 685 1862 liis.
709 1802 830 1875 inquam.
854 1800 982 1855 ailnriseet
1011 1800 1131 1873 qnanlatn
1161 1817 1217 1854 sna.
1260 1798 1306 1854 llle
1335 1809 1461 1873 repetens
1488 1819 1639 1876 pronomen

354 1889 418 1943 ‘sna’
444 1889 512 1942 risit.
558 1887 612 1942 lloc
635 1888 685 1942 luit
708 1886 786 1941 nuliis
809 1886 922 1959 prinlum
945 1885 1112 1958 colloquium
1134 1885 1166 1939 ile
1183 1884 1318 1945 luithere,
1338 1902 1369 1939 ex
1389 1902 1443 1957 quo
1467 1903 1514 1942 nec
1537 1887 1582 1942 ille
1597 1906 1639 1943 sa·

355 1973 389 2029 tis
416 1974 538 2046 percepit
568 1972 630 2045 quid
658 1972 722 2027 milri
751 1979 824 2026 esset
852 1970 932 2025 antimi
960 1971 986 2024 in
1010 1969 1168 2030 lutherum.
1201 1986 1249 2025 nce
1277 1987 1329 2042 ego
1352 1969 1416 2042 qnitl
1434 1970 1482 2026 illi.
1523 1973 1638 2029 Rursum

324 2069 437 2131 tsqnnm
461 2059 559 2112 iterum
579 2057 707 2112 inviseret
730 2073 787 2116 mc.
812 2056 883 2110 lortc
906 2055 1007 2111 iacebat
1030 2054 1055 2109 in
1078 2072 1169 2110 mensa
1194 2055 1265 2109 inter
1283 2054 1382 2110 multas
1399 2055 1506 2112 chartas
1521 2056 1637 2131 epistola

355 2160 433 2216 qnam
458 2142 592 2197 lantherus
621 2159 714 2197 recens
742 2140 772 2195 ael
803 2158 844 2195 mc
872 2140 1027 2213 scripserat.
1069 2157 1100 2195 es
1130 2140 1178 2195 hac
1203 2138 1247 2194 ille
1269 2140 1360 2195 neseio
1381 2157 1436 2213 qno
1457 2150 1536 2214 paeto
1559 2143 1639 2198 verba

355 2228 475 2300 quaedam
500 2226 586 2283 oeulis
609 2234 748 2300 rapuerat,
772 2225 869 2299 quilius
885 2225 1019 2280 lutherus
1043 2224 1181 2279 sitiebatur
1203 2242 1296 2297 parum
1318 2224 1457 2298 magnilica
1472 2226 1505 2282 tle
1521 2244 1562 2282 me
1578 2245 1640 2283 sen·

356 2314 421 2373 tire:
445 2330 505 2367 meix
529 2312 599 2367 inter
620 2310 844 2367 conlalmlamlnm
867 2310 939 2364 risus
961 2318 1004 2364 est
1024 2309 1091 2364 velle
1113 2310 1239 2364 sullurari
1261 2308 1370 2372 literas;
1394 2310 1418 2365 irl
1441 2328 1493 2383 ego
1514 2312 1639 2368 dissimu-

355 2396 414 2452 lans
436 2405 559 2470 receptas
580 2413 594 2451 e
618 2396 739 2452 manilius
763 2394 836 2450 illius
857 2394 984 2468 reposui;
1016 2402 1079 2467 post
1100 2394 1157 2450 lircc
1181 2394 1295 2467 ingressi
1319 2412 1411 2450 snmus
1430 2397 1569 2469 μουσεῖον
1591 2414 1640 2453 no·

322 2491 444 2537 rostrum
469 2490 495 2537 et
513 2481 667 2554 aliquamlin
690 2478 853 2536 conlalntlnti
878 2496 970 2535 sumus
992 2480 1024 2534 tic
1043 2479 1123 2535 rclms
1144 2497 1204 2552 qnav
1225 2478 1291 2534 nihil
1319 2480 1350 2534 acl
1374 2480 1519 2537 Lutlrcrum
1542 2483 1639 2538 attiae·

355 2567 432 2630 bant:
457 2567 563 2621 interim
586 2566 767 2621 anirnatlrerto
789 2564 862 2621 illurn
886 2582 980 2620 rursus
1004 2564 1114 2619 eandem
1134 2563 1276 2638 epistolam
1299 2572 1391 2620 tenere
1408 2566 1573 2629 clanculum:
1604 2567 1638 2621 ilii

355 2652 445 2707 ritlens
469 2659 507 2705 ‘ut
531 2651 615 2706 riileo'
639 2652 745 2725 inquam
768 2650 880 2705 ‘ntoliris
904 2650 945 2704 ltie
967 2652 1068 2705 lurtum
1088 2649 1221 2723 aliquotl';
1244 2650 1336 2705 arrisit
1358 2650 1402 2705 ille
1425 2659 1452 2705 et
1473 2652 1560 2707 lassus
1582 2661 1639 2713 est;

355 2755 423 2809 rogo
445 2738 471 2792 in
495 2753 575 2810 quem
598 2754 675 2791 usnm
698 2733 984 2797 interclusionem
1010 2734 1113 2789 ‘iliram'
1132 2734 1234 2807 iuquit,
1258 2734 1344 2789 'rnrrlti
1359 2737 1448 2791 conati
1464 2746 1528 2792 suut
1543 2746 1639 2793 nostro

355 2840 463 2894 quoqne
486 2821 543 2893 regi
568 2820 729 2896 persuadere
746 2820 794 2875 tilri
810 2837 869 2875 cum
885 2820 1003 2875 Lutlrcrn
1021 2820 1107 2875 lmtlus
1126 2837 1186 2874 csse
1204 2819 1400 2885 arctissimnm;
1423 2839 1471 2877 eos
1489 2830 1639 2896 coarguent

321 2906 395 2961 taliae
418 2906 520 2961 literar'.
564 2907 610 2961 ‘Ari
636 2906 694 2960 ltoc’
717 2905 824 2978 inquam
848 2904 963 2960 ‘retltlam
987 2912 1013 2960 te
1036 2904 1237 2960 instructiorem
1259 2914 1286 2959 et
1308 2906 1375 2960 lianc
1399 2906 1468 2961 ilalro
1496 2897 1639 2982 αὐτογρά-

354 3007 427 3062 pov,
456 2988 618 3065 simulatque
648 2990 729 3045 inerit
757 2989 906 3063 descripta,
936 2997 962 3044 et
990 2990 1082 3044 attilam
1110 2990 1175 3045 ilnas
1203 2989 1314 3052 alteras,
1345 2991 1370 3045 in
1399 2991 1496 3064 qnilms
1519 2992 1639 3048 odiosius

355 3077 434 3132 etiam
457 3077 489 3131 ilc
513 3093 554 3131 mc
577 3076 722 3149 praelicat.
751 3093 864 3149 qnarum
884 3074 995 3131 alteram
1018 3074 1180 3131 exctnlerant
1201 3076 1390 3147 Argentorati.
1416 3075 1528 3132 alteram
1552 3095 1640 3151 nuper

355 3162 498 3216 etlitlcrmrt
519 3162 610 3216 nescio
633 3162 687 3234 qni.
733 3160 791 3215 ‘liis'
814 3160 921 3232 inquam
945 3167 1033 3232 ‘potes
1057 3168 1083 3214 et
1106 3159 1175 3233 apnil
1198 3160 1328 3214 Caesarem
1351 3160 1421 3231 (nam
1437 3179 1470 3217 eo
1486 3162 1639 3236 proficisce-

356 3246 435 3301 batur
457 3245 573 3319 lcgatns)
602 3247 715 3306 «locere,
745 3245 809 3301 milti
835 3261 888 3299 non
913 3253 964 3299 tam
987 3252 1086 3299 arctam
1109 3261 1169 3299 csse
1191 3245 1415 3301 necessitudinem
1437 3263 1497 3302 cum
1520 3247 1639 3303 Lutliero

322 3339 433 3404 tequam
452 3330 529 3386 initlti
551 3331 714 3403 pra-licant.
754 3330 856 3385 llursns
882 3328 935 3384 alio
954 3327 1092 3402 colloquio
1117 3328 1224 3402 roganti
1245 3330 1365 3402 nunquiil
1381 3330 1525 3388 scrilrerem
1544 3341 1638 3389 contra

355 3416 517 3477 lmtlrernm,
552 3416 595 3469 aio
624 3432 665 3470 me
695 3424 736 3470 tot
757 3413 894 3469 laborilms
917 3414 1075 3471 necessariis
1096 3414 1223 3475 distrahi,
1252 3422 1282 3469 ut
1308 3414 1340 3470 acl
1368 3413 1418 3470 alia
1442 3416 1544 3473 nullum
1567 3426 1639 3474 essct

355 3500 450 3556 arcium
493 3508 548 3556 tum
568 3501 656 3573 aperit
676 3500 739 3556 milri
759 3508 926 3572 quantopere
943 3498 1063 3555 Poloniac
1082 3516 1127 3554 res
1149 3500 1270 3554 inlcustts
1286 3508 1359 3555 essct
1374 3500 1505 3564 Lutlrero,
1527 3519 1638 3558 narrans

353 3586 490 3641 cninsilam
515 3585 660 3659 praittrtrts
679 3584 801 3641 fortunas
824 3600 916 3639 omnes
934 3583 1052 3639 aililictas
1072 3584 1136 3640 usco
1159 3584 1234 3657 regio
1257 3584 1292 3639 olr
1315 3586 1422 3641 unicum
1438 3586 1548 3643 Lutlrcri
1564 3587 1640 3643 libel·

354 3668 408 3726 lum
433 3672 458 3725 in
480 3670 553 3725 illius
576 3670 678 3725 notitias
699 3678 845 3743 repertum.
887 3668 922 3723 ilii
943 3670 1009 3724 satis
1031 3687 1086 3742 prae
1108 3686 1149 3725 me
1173 3668 1222 3725 tuli
1243 3669 1306 3724 milri
1330 3687 1383 3726 non
1404 3670 1513 3744 prolrari
1533 3672 1573 3728 rel
1590 3691 1639 3728 sm·

320 3756 448 3811 toriciam
472 3755 512 3810 rel
535 3754 685 3828 exemplum
709 3772 758 3828 per
780 3755 945 3809 occasionem
969 3753 1106 3809 irn'ailemli
1121 3754 1217 3809 tlomns
1231 3754 1337 3810 civium.
1379 3755 1496 3831 {lenique
1511 3774 1639 3814 conscen-

355 3858 434 3895 surus
455 3858 540 3913 equos
562 3841 631 3896 reilit
652 3840 684 3896 atl
707 3856 749 3895 mc
770 3858 800 3895 ac
822 3840 947 3913 deposito
968 3838 993 3893 in
1017 3856 1135 3895 mensam
1158 3837 1264 3895 vasculo
1280 3848 1411 3913 argenteo
1435 3842 1529 3914 ‘ilogo'
1551 3843 1638 3918 inqnit

356 3934 393 3980 ‘ut
417 3926 468 3980 hoc
490 3926 571 3980 animi
595 3926 646 3979 mei
670 3926 768 3999 pignus
791 3925 863 3979 sinas
885 3942 945 3979 esse
967 3924 1037 3997 apml
1060 3924 1101 3979 te'.
1148 3923 1234 3992 Quum
1256 3941 1308 3998 ego
1332 3942 1497 3988 recusarem.
1524 3945 1638 3984 causans

355 4028 395 4065 me
417 4010 482 4066 nilnl
505 4028 621 4083 nnqnam
645 4009 678 4065 tle
702 4010 749 4065 illo
769 4010 962 4083 promeritum.
994 4026 1042 4064 nec
1071 4027 1130 4064 esse
1158 4010 1183 4064 in
1213 4026 1268 4082 quo
1293 4028 1401 4084 possem
1425 4010 1463 4065 illi
1483 4011 1637 4081 gratificari.

355 4094 442 4149 ‘Nihil'
464 4095 550 4168 inquit
573 4094 653 4151 ‘alintl
677 4095 769 4150 abste
793 4104 869 4169 petii,
897 4111 975 4167 qnam
1001 4102 1029 4147 nt
1050 4111 1122 4149 aines
1147 4095 1217 4151 huuc
1238 4093 1397 4156 hominem:
1427 4097 1532 4153 tamlem
1556 4098 1637 4153 trarlit

319 4181 504 4252 acerragium
525 4180 641 4235 eilictnm
662 4179 786 4235 lortnnlis
809 4196 943 4234 excusum.
989 4179 1049 4233 lltuc
1071 4188 1112 4235 est
1137 4188 1193 4236 tota
1221 4189 1313 4236 nostra
1342 4182 1375 4236 tle
1398 4181 1516 4237 Lntlrero
1546 4183 1638 4238 conla-

353 4264 472 4320 lrnlatio:
504 4266 542 4319 sic
569 4265 613 4321 ille
638 4265 762 4320 tlisressit
791 4283 804 4320 a
838 4282 879 4320 mc
906 4264 1054 4319 instructus
1076 4274 1103 4319 et
1126 4273 1298 4338 exasperatus
1318 4266 1344 4321 in
1366 4266 1520 4322 Lntlrerum.
1565 4268 1640 4323 llnnc

353 4350 451 4421 igitur.
481 4358 509 4404 ut
536 4368 606 4405 ntruc
635 4349 772 4421 intelligo.
800 4350 969 4422 interpretati
993 4358 1055 4404 sunt
1079 4368 1139 4406 esse
1161 4348 1249 4410 italae,
1278 4351 1322 4423 qni
1347 4369 1389 4407 me
1411 4352 1518 4408 vasculo
1539 4353 1640 4409 condu-

353 4435 436 4495 terit,
460 4444 488 4489 nt
511 4433 694 4490 ntaleilircrcm
717 4434 870 4506 coangelico
893 4433 1003 4508 populo.
1047 4435 1122 4508 atqui
1142 4435 1208 4490 lianc
1227 4435 1369 4491 amicitiam
1391 4453 1443 4492 non
1459 4438 1584 4494 ronllavit
1601 4439 1640 4494 in-

355 4528 465 4574 ternos
489 4520 639 4575 Lntlterns:
662 4527 724 4574 aute
749 4529 803 4574 tres
825 4537 910 4574 annos
932 4520 1034 4574 coierat
1058 4521 1199 4575 internos
1221 4520 1338 4581 niitiria,
1362 4521 1477 4593 primum
1501 4521 1638 4583 llattsella’.

319 4611 416 4660 timot
432 4604 562 4664 Colnnim.
587 4622 668 4677 quum
689 4604 714 4659 iil
739 4604 869 4678 temporis
891 4605 963 4673 regis
987 4605 1026 4660 sni
1050 4605 1157 4660 notnnte
1179 4605 1249 4678 aputl
1271 4606 1402 4661 Caesarem
1427 4606 1562 4677 legatione
1579 4608 1638 4663 lun·

352 4699 480 4762 geretur:
510 4690 629 4763 comperi
656 4690 774 4744 invenem
798 4706 880 4763 qntnu
909 4707 962 4745 non
993 4689 1142 4760 vulgariter
1170 4690 1305 4745 entilitnm
1335 4700 1391 4747 tum
1420 4709 1483 4764 erga
1512 4693 1638 4749 meliores

353 4774 447 4850 literas
471 4775 560 4829 lavore
583 4773 714 4846 singulari
739 4792 769 4829 ac
799 4773 925 4847 religiosa
946 4774 1059 4848 quatlam
1083 4776 1255 4830 veneratione
1277 4776 1411 4832 allectum.
1453 4778 1478 4832 in
1498 4777 1546 4834 lrac
1567 4777 1640 4849 lega·

421 4956 442 4989 ¹³
460 4954 552 5023 epist]
571 4957 608 5007 ct'.
624 4957 696 5006 intra
709 4971 780 5006 nram.
795 4955 967 5009 cccaxttt.
1008 4953 1030 4989 ²⁷¹
1049 4958 1184 5008 Monstrat
1202 4974 1232 5007 ee
1251 4960 1436 5035 turpissimum
1461 4961 1638 5013 insidiosissi-

353 5056 479 5122 mnmqne
498 5042 662 5108 proilitorem
681 5044 819 5114 Erasmus.
888 5039 911 5075 ⁴²
929 5041 1027 5109 Butae]
1046 5044 1090 5093 Cf.
1104 5044 1212 5093 Numer.
1225 5061 1305 5111 capp.
1320 5046 1361 5096 2⁴2.
1375 5063 1435 5113 sqq.
