3934 6034
436 708 581 761 ccxxix.
602 727 765 763 arcessam
781 729 967 765 nraaonmmn
979 729 1148 765 transnavit
1160 730 1321 767 munerari.
1335 731 1417 768 naar.
1432 726 1490 767 tait.
1559 703 1603 773 13

1673 817 1694 858 ·ι

320 879 389 940 dere
411 882 521 941 sustine
542 883 638 943 adhuc
660 883 768 943 liberos
791 902 854 944 esse
877 886 905 944 in
921 885 1075 946 Gerrnania
1099 886 1240 946 lromines.
1278 887 1387 958 Quodsi
1402 905 1490 947 sarius
1505 895 1602 948 mente
1615 897 1660 946 §.t

320 1002 414 1048 esses,
439 1001 476 1042 ne
498 1003 617 1062 sperare
640 987 757 1064 quidem
781 987 905 1046 auderes
927 988 1005 1047 1ιιιιιι.
1028 994 1105 1047 tanta
1128 1008 1193 1048 cuni
1209 988 1314 1048 liilncia
1329 989 1456 1067 positum
1472 991 1500 1048 iu
1517 989 1603 1049 lilier·

321 1092 407 1144 tatem
436 1105 453 1144 a
481 1086 565 1147 nobis
593 1089 698 1165 pedem
727 1097 784 1148 tam
814 1089 893 1150 unllo
922 1092 1043 1166 negocio
1066 1096 1265 1150 extracturum
1288 1098 1325 1150 te.
1370 1092 1404 1149 nt
1428 1093 1513 1150 etiam
1537 1110 1603 1169 per·
1614 1099 1660 1151 t-t.

321 1187 428 1247 lectum
458 1188 513 1248 lmc
541 1188 591 1249 tibi
620 1191 770 1267 impotenti
799 1192 923 1270 quadam
953 1194 1039 1252 animi
1067 1190 1190 1251 elatione
1219 1194 1372 1270 praesumis
1399 1212 1454 1270 qna
1482 1193 1536 1252 alia
1559 1194 1605 1253 dei

298 1307 309 1342 .·.
320 1290 421 1365 optimi
450 1293 567 1350 rriaximi
595 1292 754 1358 voluntate.
789 1313 883 1373 quma
911 1296 1072 1371 permissu,
1106 1312 1192 1371 quam
1219 1297 1285 1371 quia
1319 1303 1399 1355 tuum
1432 1302 1460 1354 te
1488 1314 1605 1373 quoque

319 1391 409 1450 latum
433 1398 548 1453 nianett
579 1394 649 1454 Nam
674 1395 824 1474 quomodo
847 1403 877 1457 tu
900 1396 983 1456 aliter
1006 1397 1064 1456 line
1086 1398 1219 1455 autentim
1245 1395 1357 1474 prolabi
1388 1398 1544 1474 potuisses,
1574 1404 1605 1457 nt

319 1493 456 1553 crederes
483 1513 542 1579 uno
560 1496 606 1556 ⁴alr
636 1496 762 1557 edictulo
790 1498 959 1564 calliditate.
990 1499 1136 1565 versutiis,
1168 1498 1268 1557 lrande
1298 1506 1326 1556 et
1348 1498 1421 1558 dolis
1448 1497 1484 1558 ali
1507 1497 1604 1559 adole·

317 1602 418 1654 scente
439 1597 571 1675 principe
594 1616 648 1676 per
669 1607 698 1660 te
721 1618 859 1677 expresso
882 1608 970 1661 totam
994 1607 1115 1679 repente
1138 1601 1322 1660 Germaniam
1345 1602 1531 1661 conterritam
1555 1601 1605 1662 de·

317 1704 462 1758 secturam
480 1699 657 1761 libertatem
691 1720 787 1770 saram,
823 1704 1005 1763 deserturam
1039 1703 1141 1772 sidem,
1175 1702 1344 1779 religionem
1378 1711 1406 1762 et
1437 1704 1605 1765 iteritatem‘l

285 1816 309 1856 ιι
320 1798 485 1868 Quinetiam
513 1804 551 1861 ita
581 1802 660 1862 trullo
688 1803 807 1865 consilio
835 1803 972 1883 nullaque
996 1805 1148 1883 prudentia
1172 1805 1360 1882 ipriaestionem
1382 1805 1459 1865 liarie
1481 1807 1658 1868 institui-§.s

318 1904 384 1970 stis,
416 1911 446 1963 ut
469 1904 553 1964 lacile
575 1905 675 1966 credat
697 1907 799 1986 aliquis
822 1906 945 1967 voluisse
966 1926 1033 1975 vos,
1056 1926 1123 1967 cum
1144 1907 1201 1967 lroc
1228 1906 1477 1984 adgrederemini,
1506 1908 1604 1968 invare

319 2024 452 2066 caussam
474 2014 604 2067 nostram
628 2016 656 2068 et
678 2027 867 2086 promovere,
891 2029 949 2070 mm
973 2027 1145 2087 oppugnare
1168 2016 1197 2068 et
1219 2009 1368 2086 impedire.
1410 2008 1493 2079 Quod
1517 2010 1552 2070 de
1574 2017 1658 2081 tera.

320 2107 437 2184 quidem
466 2116 573 2187 praeter
596 2112 761 2188 opinionem
785 2131 843 2171 riori
867 2119 927 2172 est:
951 2130 1047 2189 neque
1070 2112 1148 2171 enirn
1170 2129 1298 2190 unquam
1321 2111 1482 2189 prudenter
1497 2112 1604 2191 aliquid

320 2211 423 2269 iecisse
450 2213 551 2271 audio:
586 2212 666 2273 illum
697 2216 789 2274 miror
817 2216 928 2274 socium
956 2221 1039 2274 tunm
1062 2212 1276 2278 Caracciolmu.
1311 2212 1467 2292 aliqnando
1495 2217 1518 2272 si
1545 2232 1603 2274 non

285 2310 445 2378 isbonum,
481 2314 725 2393 circumspectum
756 2327 852 2378 tamen
876 2325 904 2377 et.
928 2326 1044 2376 earitnm
1068 2316 1115 2375 liic
1137 2322 1283 2392 parietum,
1307 2322 1384 2375 tanta
1408 2334 1474 2375 cum
1503 2318 1604 2376 incon·

319 2414 482 2489 splerantia
507 2424 644 2496 tantaque
666 2420 833 2496 stupiditate
855 2421 955 2479 conari
978 2420 1030 2478 ista
1060 2425 1165 2477 tectim.
1211 2418 1312 2495 Neque
1336 2423 1432 2478 mmen
1455 2418 1511 2477 lroc
1538 2402 1657 2491 dicoqi,

320 2519 401 2593 quasi
425 2519 580 2596 quiequam
604 2520 651 2580 liic
673 2520 755 2581 rolris
776 2523 902 2591 astritiae,
932 2523 1089 2599 quicquam
1111 2521 1191 2596 impii
1214 2519 1384 2579 ralramenti
1406 2518 1532 2580 (latuisse
1555 2521 1604 2581 atl-

320 2617 378 2677 lmr
401 2621 578 2688 existimem,
606 2622 656 2682 sed
687 2622 765 2702 quod
795 2631 872 2683 tauta
902 2623 1075 2682 conlidentia
1098 2621 1209 2682 videam
1232 2622 1261 2680 in
1284 2621 1339 2681 liae
1361 2640 1460 2692 rerum
1483 2625 1603 2690 Germa

320 2722 453 2781 nicarum
475 2722 877 2785 admirabiliterimmutante.
900 2744 931 2784 se
954 2726 1081 2792 ratione,
1105 2723 1159 2783 liae
1182 2725 1322 2801 temporis
1337 2724 1535 2794 inclinatione,
1559 2725 1605 2786 tns
1670 2797 1672 2799 Ι

285 2823 494 2884 aeineritalidis
523 2826 573 2885 lati
600 2828 685 2886 urinis
713 2846 799 2887 omne
829 2828 925 2887 arllrnc
953 2828 1168 2887 incontinentiae.
1199 2845 1264 2891 ros,
1299 2844 1386 2886 ornne
1414 2826 1603 2887 immodestiae

320 2924 485 3004 exemplum
509 2929 708 3007 pretergredi.
754 2929 837 2999 Quod
862 2948 915 3008 ego
938 2928 1016 2988 aliud
1039 2929 1172 3005 protecto
1187 2946 1245 2987 riou
1263 2947 1368 2988 censeo
1384 2947 1471 3006 quam
1487 2938 1658 2997 coartosos.

320 3046 371 3085 ros
398 3029 492 3088 (lirina
520 3033 691 3091 necessitate
720 3051 778 3091 riou
809 3032 906 3092 videre
935 3050 1000 3110 qnae
1027 3031 1129 3090 ridetis
1155 3030 1294 3099 maxime,
1328 3049 1382 3090 nec
1410 3030 1510 3091 aridire
1538 3052 1603 3111 quae

319 3129 424 3190 auditis
453 3131 627 3209 plurimum,
662 3142 691 3195 et
721 3135 921 3211 imprudentes
949 3151 1102 3194 accersere
1130 3132 1238 3192 nialum
1268 3132 1350 3192 rolris
1377 3135 1455 3210 ipsos
1478 3153 1511 3193 ac
1534 3135 1603 3194 lerri

319 3233 505 3294 manifestum
528 3238 557 3296 in
579 3237 698 3297 exitium
719 3238 891 3314 precipites
938 3236 993 3296 Uti
1023 3244 1072 3295 tuo
1102 3253 1171 3294 sane
1194 3235 1293 3294 lurore
1322 3233 1392 3293 nilril
1419 3236 1475 3295 ridi
1504 3239 1657 3303 conci-es.

281 3336 423 3402 astatius,
452 3336 522 3396 nihil
545 3338 741 3416 impetuosum
764 3341 869 3417 magis:
899 3358 965 3399 nam
990 3357 1054 3419 quae
1077 3337 1204 3416 (irratam)
1233 3338 1286 3397 ista
1310 3345 1353 3397 est
1374 3338 1483 3398 insania
1506 3340 1602 3399 existi·

317 3454 384 3462 ——.—-
398 3457 519 3465 ...ᾐ-

403 3522 413 3553 ³
440 3526 552 3588 negotio
576 3528 600 3574 2.
610 3529 633 3575 6.
657 3526 754 3591 edique.
835 3525 846 3556 ⁴
871 3524 933 3592 hoc]
958 3528 995 3576 ll.
1019 3526 1086 3575 illud
1108 3527 1165 3575 edd.
1246 3523 1257 3554 ⁵
1282 3522 1371 3590 qnam]
1403 3525 1439 3575 ll.
1462 3526 1515 3574 nisi
1544 3529 1603 3576 edil.

317 3606 477 3674 ⁷edic-tulo]
508 3611 568 3660 Hoc
595 3611 756 3672 edictalem,
788 3616 818 3660 nt
843 3618 995 3677 temporum
1025 3613 1097 3661 ratio
1126 3610 1258 3672 ostendit,
1287 3626 1375 3674 neque
1403 3618 1445 3658 est
1472 3612 1605 3660 larnosum

318 3692 388 3742 illud
414 3693 544 3743 ,lleandri
576 3695 704 3745 ‘edietum
732 3697 876 3762 imperiola
904 3704 999 3747 cosdra
1026 3699 1107 3746 lllart.
1135 3696 1285 3745 Lutlrerum
1313 3701 1341 3742 et
1367 3700 1513 3744 novatores
1542 3697 1604 3746 reli-

319 3779 450 3843 gionum',
476 3780 675 3846 promulgatum
695 3782 843 3831 vormatia·
868 3783 892 3831 d.
915 3783 956 3831 att.
976 3783 1043 3831 Maii
1067 3782 1126 3846 (per
1144 3780 1315 3829 mendacium
1340 3781 1366 3829 in
1390 3782 1450 3845 ipso
1474 3783 1605 3847 script-nm

319 3869 364 3913 est
376 3865 400 3913 d.
415 3881 478 3915 vui.
493 3867 582 3929 Maii),
598 3868 666 3931 qaod
680 3868 779 3916 Latine
793 3885 816 3916 e.
831 3884 870 3930 ur.
885 3884 928 3933 ap.
943 3869 1026 3917 Bzor.
1040 3865 1138 3915 Annal.
1153 3866 1220 3915 ecel.
1231 3866 1303 3914 xlx.
1319 3883 1343 3929 p.
1357 3865 1494 3916 390...3ttt.
1509 3869 1604 3918 stla-

318 3950 376 3999 des.
392 3951 463 3999 Hist.
484 3953 593 4001 reform.
612 3953 648 4001 II.
663 3954 779 4002 llouum.
799 3970 824 4018 p.
839 3952 952 4014 34...37.‚
975 3953 1139 4001 Germanice
1157 3952 1186 3999 in
1200 3951 1309 4001 hallero·
1322 3952 1452 4014 Selm'stea
1464 3970 1485 4001 ι.
1505 3954 1603 4003 ll'nlrd.

318 4036 378 4084 XV.
392 4052 418 4100 p.
432 4035 571 4085 ertit...80.
586 4052 611 4085 n.
626 4035 684 4086 585.
710 4044 797 4096 extat,
822 4054 909 4104 neqne
934 4044 976 4087 est
994 4038 1168 4101 lleseriptnm
1187 4036 1280 4085 Caroli
1299 4038 1329 4085 V.
1344 4043 1453 4101 postero
1470 4044 1532 4103 post
1552 4040 1603 4088 Lu·

318 4121 425 4169 theram
445 4122 543 4170 iterum
567 4123 594 4170 in
619 4123 736 4172 concilio
761 4124 881 4173 ariditum
901 4124 945 4173 ‹lie
971 4121 1133 4187 (lllrlpril.)
1154 4121 1269 4184 editmn,
1294 4123 1364 4185 qnod
1388 4139 1431 4187 ap.
1446 4124 1528 4173 llzov.
1548 4122 1602 4173 l.e.

317 4221 346 4271 p.
359 4203 417 4255 384.
438 4211 465 4254 et
484 4205 647 4255 Germanice
668 4223 710 4272 ap.
731 4209 829 4258 ll'alclr.
843 4209 860 4258 l.
876 4225 899 4258 e.
914 4226 938 4273 p.
953 4206 1092 4258 2235...37.
1112 4222 1137 4255 n.
1152 4207 1209 4255 572.
1228 4207 1339 4271 legitur.
1359 4223 1447 4271 neque
1465 4208 1604 4257 Hnttenns

317 4291 344 4339 li.
359 4290 377 4339 l.
391 4291 449 4340 siclt
468 4292 563 4357 opinor
581 4294 755 4357 imperatoris
769 4294 888 4343 edietum
901 4294 934 4342 de
949 4292 1064 4341 Lntlreri
1077 4291 1154 4340 libris
1168 4292 1329 4341 exhibendis
1348 4292 1372 4341 d.
1386 4293 1410 4341 7.
1425 4294 1518 4342 Martii
1532 4310 1602 4343 com·

318 4378 450 4442 positum,
475 4374 624 4427 Vonnatiae
647 4378 672 4427 d.
689 4378 727 4427 15.
742 4379 844 4444 Aprilis
867 4377 976 4443 publice
997 4378 1179 4442 propositum.
1209 4378 1242 4426 de
1268 4393 1320 4441 quo
1339 4376 1475 4426 liutherus
1499 4378 1527 4427 in
1546 4380 1602 4443 epi·

317 4463 401 4528 stolis
415 4479 498 4513 eccm.
513 4479 610 4513 eccur.
624 4465 667 4524 lde
685 4465 770 4513 Wette
784 4464 805 4513 1.
819 4481 843 4529 p.
858 4464 916 4512 att.
930 4463 1001 4527 sqq.)
1021 4480 1041 4511 s.
1057 4478 1100 4527 ap.
1115 4461 1222 4511 Walch.
1235 4462 1293 4511 xt'.
1314 4480 1340 4528 p.
1353 4461 1492 4512 2052...5tt.
1505 4479 1530 4512 n.
1544 4463 1603 4513 515.

317 4547 391 4609 536.;
410 4549 458 4598 sed
476 4549 517 4611 (ut
536 4550 617 4598 etiam
637 4550 705 4612 stt.
721 4550 801 4613 epist.
821 4550 854 4598 ad
868 4548 958 4599 euml.
972 4549 1004 4597 V.
1018 4549 1130 4613 scriptae
1154 4546 1235 4611 idque
1259 4548 1392 4607 ostendit,
1414 4548 1483 4611 quod
1501 4549 1602 4598 Luthe-

318 4650 364 4683 riis
383 4640 439 4682 turn
459 4635 492 4683 ad
512 4634 658 4683 concilium
682 4651 698 4684 a
717 4635 827 4684 Caesare
846 4639 962 4684 vocatus
980 4634 1098 4684 nondum
1118 4632 1187 4696 erat)
1212 4632 1352 4683 invehitur
1369 4635 1397 4682 iu
1422 4634 1449 4683 id
1474 4635 1601 4694 edietum,

318 4719 391 4784 quod
409 4736 443 4769 m.
456 4720 536 4769 Febr.
557 4719 672 4769 Carolus
690 4719 721 4768 V.
741 4720 774 4769 ‹le
792 4719 873 4769 Bulla
893 4722 970 4769 Decet
988 4721 1058 4769 Rom.
1075 4720 1216 4782 pontificem
1240 4718 1276 4781 (d.
1296 4718 1319 4768 3.
1334 4720 1393 4770 lan.
1409 4718 1481 4768 teat.
1500 4720 1602 4783 datam,

318 4806 466 4870 repetitam
485 4822 509 4854 e.
523 4821 563 4870 gr.
578 4821 622 4871 ap.
635 4806 718 4855 Bzov.
737 4805 754 4855 l.
770 4822 792 4854 c.
807 4821 832 4870 p.
847 4803 977 4865 380...82.,
999 4805 1162 4853 Germanice
1182 4821 1225 4868 ap.
1240 4804 1347 4853 Walcli.
1366 4805 1422 4854 XV.
1442 4821 1467 4869 p.
1481 4804 1555 4855 2030.
1563 4821 1602 4869 sq.

318 4906 347 4939 n.
360 4889 429 4954 5211.)
443 4891 618 4955 exsequenda
630 4895 817 4956 proposuerat,
833 4891 865 4940 de
879 4906 931 4955 quo
944 4891 1068 4940 Raukins
1079 4891 1214 4952 (lleutsclre
1225 4889 1314 4939 Geard.
1327 4892 1359 4938 ira
1372 4890 1472 4940 Zeitalt.
1486 4891 1603 4953 alorites.

320 4977 341 5026 l.
360 4993 385 5041 p.
405 4976 475 5041 dil.)
502 4978 562 5026 sine
587 4976 672 5026 fontis
696 4977 867 5026 indicatione
890 4976 976 5027 verba
1001 4975 1079 5024 fecit.
1149 4975 1160 5006 ⁷
1183 4971 1316 5036 verlucijs
1335 4978 1359 5023 1.
1427 4975 1438 5005 ⁹
1462 4973 1498 5041 ct]
1524 4993 1557 5025 ae
1577 4979 1601 5025 d.

321 5061 339 5093 ¹¹
364 5063 576 5129 adgrediremini
594 5066 619 5113 2.
657 5062 858 5130 agrederemini
877 5066 901 5112 d.
939 5060 959 5094 ¹⁵
979 5062 1114 5125 circunsp.
1129 5064 1153 5111 1.
1206 5059 1228 5093 ²⁴
1247 5061 1357 5111 exilium
1372 5062 1397 5110 1.
