3934 6034
415 672 483 743 162
571 685 700 737 coctu.
714 703 816 737 casaur
831 704 893 737 nor.
908 703 943 737 ao
956 703 1069 739 naecvir
1083 704 1226 739 narnruvn
1240 705 1282 738 ee.
1296 706 1322 738 n.
1337 699 1356 738 t.
1371 706 1451 739 rena.
1468 697 1525 737 tait.

343 862 465 925 §.millis
494 879 550 918 rem
579 871 619 917 tot
647 862 733 918 modis
759 863 938 924 commodam.
972 862 995 917 si
1018 862 1082 917 mibi
1106 861 1198 918 liceret
1220 864 1399 919 eornnruuiter
1421 864 1483 919 trivi.
1528 864 1577 918 Sed
1602 872 1689 917 tamen

412 948 523 1022 privatam
547 948 613 1002 banc
634 946 758 1021 corporis
780 947 947 1002 allectionem
976 945 1053 1002 labor
1075 948 1250 1021 equitationis
1273 950 1398 1005 excressit.
1443 937 1596 1003 volabamu's
1619 948 1689 1002 eninr

410 1034 512 1107 Spiranr
536 1032 623 1086 verius
647 1050 725 1104 quam
748 1032 947 1105 equitabamus,
977 1040 1005 1087 et
1028 1032 1106 1105 plane
1128 1052 1244 1106 pegasos
1268 1034 1394 1089 babebaru
1418 1034 1463 1107 qui
1486 1051 1556 1088 nunc
1581 1050 1689 1106 quoque

410 1119 538 1174 eleroraut
559 1117 697 1172 domitium
719 1134 804 1172 suum.
850 1117 953 1190 Spiram
982 1116 1028 1172 rrlvi
1056 1127 1164 1174 rentum
1192 1127 1248 1181 est,
1278 1127 1385 1175 ventum
1412 1128 1455 1174 est
1481 1128 1570 1174 autem
1599 1117 1690 1172 adnm·

409 1204 471 1258 dum
499 1220 574 1262 sero.
608 1211 680 1258 recta
708 1219 749 1257 me
777 1202 888 1258 contero
917 1219 967 1257 ona
990 1220 1050 1258 cum
1073 1204 1150 1276 equis
1173 1204 1205 1259 ad
1227 1204 1297 1260 aedes
1320 1205 1428 1260 'lbornaa
1451 1204 1598 1260 l'rucbses.
1632 1203 1713 1256 elusa

410 1287 528 1343 ecelesiae
550 1287 656 1347 decani.
681 1287 735 1341 sive
757 1288 818 1359 quia
842 1286 887 1341 ille
909 1288 947 1343 sie
968 1288 1071 1343 crebris
1094 1289 1124 1343 ad
1149 1307 1188 1344 me
1212 1288 1298 1344 literis
1321 1290 1451 1351 iusserat,
1480 1290 1535 1343 sivc
1558 1288 1620 1362 quia
1644 1304 1691 1342 no-

409 1390 497 1429 veram
521 1373 609 1427 omnia
630 1372 777 1427 ‹liversoria
800 1371 929 1427 militibus
952 1373 1070 1446 undique
1091 1374 1212 1435 dillerta,
1242 1375 1287 1447 qui
1304 1374 1358 1429 illie
1374 1375 1490 1430 ferocius
1505 1391 1586 1446 agere
1601 1372 1691 1427 solent

411 1476 489 1532 quam
512 1458 539 1512 iu
563 1455 647 1518 bello,
671 1458 707 1512 ita
731 1464 759 1511 ut
783 1456 879 1512 lorteis
894 1458 970 1513 decet
988 1459 1067 1513 viros.
1112 1458 1182 1531 apud
1198 1460 1268 1514 bunc
1284 1460 1409 1533 quoniam
1425 1460 1570 1515 canonicos
1587 1457 1691 1529 aliquot

409 1551 545 1598 comantes
574 1541 686 1603 edendi,
716 1541 824 1597 accubui
848 1543 958 1616 pariter.
1004 1544 1111 1617 tepebat
1134 1553 1161 1599 et
1183 1544 1238 1599 illic
1260 1545 1471 1619 lrvpocaustum,
1501 1543 1563 1598 lieet
1585 1543 1691 1597 abesset

410 1629 501 1684 nidor:
536 1626 597 1682 ilico
620 1627 700 1682 rediit
722 1626 767 1683 illa
790 1627 840 1682 iam
869 1628 948 1683 nimis
972 1638 1034 1684 nota
1057 1630 1181 1702 corporis
1204 1629 1324 1685 allectio:
1360 1631 1450 1702 itaque
1472 1628 1608 1684 decretum
1632 1634 1726 1681 erattt)

344 1714 438 1778 §.rein
466 1721 552 1768 toturn
585 1712 720 1768 abstinere
748 1730 762 1767 a
790 1712 890 1768 delitiis
918 1713 1121 1770 Germanorum.
1169 1714 1224 1771 lllic
1241 1714 1362 1769 -biduum
1395 1713 1547 1771 refocillato
1576 1728 1692 1785 corpore

412 1800 621 1871 Argentoratum
648 1798 783 1872 pervenio.
829 1814 877 1854 nec
904 1799 948 1855 bic
969 1800 1138 1855 decreveram
1165 1801 1338 1859 conunorari.
1367 1800 1413 1855 sed
1442 1799 1552 1855 laecrbus
1575 1796 1692 1871 Spiegel.

411 1884 524 1939 Caesaris
546 1885 721 1942 secretarius.
746 1883 785 1938 vir
807 1884 927 1939 eruditus
950 1902 979 1939 ac
995 1884 1116 1940 moribus
1130 1884 1191 1958 plus
1208 1902 1286 1959 (param
1303 1885 1400 1946 niveis.
1424 1901 1504 1958 quem
1520 1882 1691 1938 insalutatum

412 1968 550 2043 praeterire
582 1985 637 2024 non
669 1968 810 2030 audebam.
845 1986 886 2024 me
918 1970 1038 2042 prodidit
1071 1969 1212 2032 sodalitio,
1245 1970 1287 2026 cui
1317 1987 1404 2043 nuper
1431 1976 1579 2025 accesserat
1608 1966 1692 2021 lucas

413 2054 569 2115 Buthrotios,
599 2060 626 2108 et
655 2054 704 2109 boc
734 2053 760 2108 in
788 2071 878 2109 aurore
900 2055 1005 2110 caeteris
1029 2054 1220 2110 veliementior.
1264 2055 1345 2109 ltatus
1367 2063 1406 2110 est
1430 2055 1473 2109 bis
1494 2054 1551 2108 dies
1575 2069 1643 2106 arnus
1665 2059 1693 2106 et
1706 2060 1728 2099 ¹⁵

413 2140 475 2194 item
499 2138 575 2193 alter.
620 2138 681 2193 lnde
704 2137 876 2194 Sletstadium
898 2157 940 2195 me
961 2141 1073 2195 contero
1095 2139 1286 2196 comitantibus
1309 2140 1427 2213 aliquot,
1452 2140 1522 2194 inter
1544 2155 1613 2210 qnos
1635 2144 1694 2191 crat

412 2222 624 2279 ltartbolmrneus
646 2224 772 2279 latomus
795 2224 900 2284 Treuir.
930 2225 1061 2298 singulari
1091 2243 1195 2281 urorum
1222 2235 1250 2281 ct
1279 2225 1378 2298 ingenii
1399 2224 1558 2280 dexteritate
1583 2222 1692 2282 iuvenis,

344 2310 458 2382 §.coqui
482 2308 605 2381 l‘riburgi
634 2308 823 2364 uiodmabatur
850 2309 995 2381 collegium
1018 2310 1243 2384 pbilosopbicum.
1287 2310 1354 2365 llinc
1377 2327 1484 2364 rursum
1507 2326 1557 2363 nos
1580 2307 1693 2363 lionoris

411 2395 497 2467 gratia
513 2393 670 2449 tlolrirariam
694 2411 778 2466 usque
801 2394 986 2467 produxerunt
1009 2393 1112 2468 aliquot
1134 2414 1148 2450 e
1171 2395 1311 2456 sodalitio,
1336 2396 1489 2468 intorques
1505 2393 1692 2448 erautlleatus

411 2480 567 2541 ltlrenanus,
597 2479 642 2552 qui
672 2496 711 2534 me
739 2478 869 2550 postridie
898 2478 1027 2535 basileam
1055 2498 1140 2553 usque
1168 2488 1352 2554 prosequutus
1380 2489 1430 2535 est.
1474 2479 1541 2547 erid
1565 2496 1616 2550 ego
1646 2477 1692 2531 tibi
1703 2484 1728 2523 2⁰

412 2565 467 2624 bic.
492 2565 525 2619 rui
548 2564 676 2626 lauriae,
700 2563 863 2618 Thrasonem
887 2564 1002 2620 referam
1024 2582 1237 2620 commemorans
1260 2573 1361 2639 quantu
1388 2564 1478 2620 studio
1506 2565 1542 2618 sit
1564 2563 1629 2618 mibi
1652 2579 1693 2616 re·

411 2651 496 2705 ditum
519 2647 670 2721 gratulatus
692 2665 785 2703 senum
808 2648 926 2722 optimus
949 2666 979 2704 ac
1001 2650 1185 2705 sanctissimus
1208 2651 1352 2723 episcopus
1368 2649 1536 2710 basiliensis,
1561 2648 1606 2721 qui
1622 2664 1694 2702 nrrnc

412 2750 520 2807 quoque
553 2733 642 2789 missis
675 2732 786 2788 subinde
820 2733 904 2788 serviis
938 2743 966 2789 et
993 2734 1117 2808 epistolis
1144 2743 1260 2791 testator
1287 2753 1361 2791 suam
1389 2753 1453 2807 erga
1483 2751 1524 2789 me
1552 2733 1693 2806 pietatem:

412 2827 513 2892 quanto
540 2818 713 2891 magistratus
741 2818 821 2873 buius
848 2818 977 2882 civitatis.
1012 2828 1112 2893 quanto
1140 2820 1231 2876 caeteri
1260 2819 1300 2875 rel
1328 2819 1448 2876 ecclesiae
1475 2817 1516 2874 rel
1541 2817 1692 2873 studiorum

412 2921 552 2978 proceres.
575 2903 712 2977 copiosius
735 2903 814 2958 etiam
836 2903 998 2959 declaraturi
1021 2905 1139 2960 strnlium
1162 2906 1241 2960 animi
1265 2905 1320 2966 sui,
1344 2905 1371 2960 ni
1394 2904 1492 2960 talibus
1516 2902 1611 2959 officiis
1632 2902 1727 2957 utu-as

412 3006 463 3062 que
488 3005 541 3061 prae
564 3007 605 3044 rue
629 2989 710 3044 leram
734 3005 774 3042 me
797 3006 964 3062 nequaquam
988 2992 1066 3064 capit
1098 2999 1125 3045 et
1148 2992 1214 3046 adem
1238 3008 1292 3045 non
1316 2989 1394 3045 latuit
1410 2989 1576 3044 ttermaniam
1599 2988 1692 3041 adesse

412 3091 468 3134 rnre,
498 3082 528 3128 ut
550 3072 713 3146 praevolante
735 3091 844 3128 rumore
866 3074 923 3128 dies
946 3074 1061 3148 aliquam
1086 3074 1185 3131 multos
1209 3074 1263 3130 illic
1286 3075 1396 3135 lucrina,
1430 3082 1491 3129 ante
1514 3090 1593 3146 quam
1615 3073 1693 3127 adve-

344 3159 506 3213 satanan.
551 3157 582 3212 Et
605 3158 711 3213 interim
737 3158 780 3212 isti
804 3175 926 3231 nugones
950 3160 1083 3215 iactabant
1110 3179 1152 3215 me
1174 3160 1339 3233 demigrasse
1361 3159 1584 3231 Wittenbergam.
1630 3158 1692 3230 quid

411 3244 481 3299 enirn
505 3244 571 3299 istos
594 3243 694 3316 pudet?
723 3242 786 3298 Erat
808 3243 915 3299 iuterim
938 3244 1047 3300 basileae
1069 3254 1110 3301 sat
1132 3262 1263 3319 prospera
1286 3244 1424 3306 valetudo,
1453 3244 1538 3298 donec
1562 3244 1690 3314 frigerent

410 3329 554 3384 crenacula.
597 3336 724 3384 ceterum
748 3327 791 3383 ubi
815 3329 997 3402 perspicerem
1026 3330 1077 3385 iani
1105 3330 1163 3386 aliis
1190 3348 1250 3386 esse
1272 3330 1358 3403 frigus
1382 3328 1563 3389 intolerabile,
1595 3342 1726 3400 passusso

411 3432 469 3470 sum
493 3412 573 3470 semel
596 3422 677 3487 atque
700 3414 796 3469 iterum
819 3413 923 3468 incendi
946 3415 1096 3475 moderate,
1121 3416 1166 3471 sed
1188 3433 1219 3470 ea
1234 3415 1348 3470 civilitas
1363 3431 1461 3487 magno
1477 3413 1540 3468 nulii
1555 3413 1692 3468 ‹transtititt

411 3517 471 3555 rriox
495 3508 553 3554 orta
577 3500 673 3572 pituita
697 3496 841 3572 pestileus;
876 3498 980 3571 pituitae
1003 3500 1133 3555 successit
1155 3499 1288 3561 calculus.
1312 3500 1378 3555 adeo
1401 3498 1514 3553 subinde
1536 3501 1692 3552 recurrente

411 3584 496 3646 uialo,
531 3592 560 3639 ut
582 3583 672 3639 nullus
695 3591 767 3639 esset
789 3583 860 3645 dies,
895 3584 959 3656 qum
983 3592 1029 3639 aut
1051 3585 1220 3658 conciperem
1248 3594 1293 3639 md
1316 3584 1479 3658 pai-turbem
1502 3590 1548 3637 aut
1571 3599 1692 3655 parerem

411 3679 493 3725 anta
521 3677 599 3742 partu
626 3668 826 3728 rlecauuberem.
855 3670 1076 3742 quemadmodum
1105 3669 1194 3725 solent
1224 3687 1380 3744 puerperam
1403 3669 1557 3724 stornacbus
1586 3667 1693 3722 interim

411 3755 449 3810 sic
471 3753 620 3828 collapsus,
649 3763 679 3808 ut
701 3753 776 3809 riutlo
806 3753 924 3809 remedio
948 3762 1041 3827 posset
1065 3755 1180 3810 restitui.
1226 3754 1290 3810 mibi
1313 3764 1408 3810 natura
1431 3754 1519 3808 letalis
1535 3761 1577 3808 est
1594 3752 1688 3810 inedia,
1699 3766 1725 3804 aa

411 3849 438 3893 ct
460 3838 554 3894 calculi
577 3839 654 3894 nixus
677 3839 722 3911 qui
745 3857 816 3912 saepe
839 3837 947 3894 biduum
970 3839 1117 3900 durabant.
1141 3840 1207 3895 nibil
1231 3840 1318 3895 minus
1341 3840 1481 3913 patiuntur
1500 3855 1579 3911 quam
1595 3837 1692 3892 cibum.

412 3926 502 3997 itaque
525 3941 606 3997 quum
627 3923 707 3979 dolor
729 3932 801 3979 esset
823 3925 916 3997 quavis
938 3933 1026 3979 ruorte
1048 3926 1170 3996 gravior,
1205 3934 1293 3980 tauren
1322 3942 1375 3979 non
1404 3924 1493 3979 minus
1520 3932 1578 3977 erat
1601 3941 1614 3977 a
1638 3929 1693 3976 sto·

413 4010 506 4066 iiiaicbo
528 4008 649 4082 «adlapsa
672 4008 792 4082 periculi.
837 4009 899 4082 quid
923 4008 1032 4065 nrultis't
1066 4018 1169 4065 tantum
1192 4010 1234 4065 bic
1257 4018 1314 4064 crat
1336 4008 1509 4066 calamitatis.
1535 4017 1566 4063 ut
1588 4006 1628 4061 vel
1650 4006 1694 4061 b't-

344 4094 491 4155 §.aecolau
513 4093 683 4149 llerrrerulano
712 4093 793 4149 luerit
821 4094 886 4148 satis
914 4094 1044 4150 futurum.
1089 4098 1123 4150 at
1145 4096 1251 4150 iuterim
1274 4094 1398 4168 corporis
1421 4092 1567 4168 quamlibet
1590 4092 1694 4163 rnagnis

413 4180 489 4235 rivalis
520 4196 572 4234 uon
601 4179 683 4234 cessit
710 4179 813 4233 animus
842 4178 986 4234 infractus:
1023 4188 1123 4252 praeter
1150 4179 1201 4235 alia
1224 4179 1305 4235 multa
1328 4178 1429 4235 absolvi
1452 4179 1642 4234 anumationes
1666 4177 1728 4231 iuro

410 4265 512 4319 Novum
540 4272 743 4322 testamentum:
776 4281 921 4336 aggressus
951 4282 1011 4320 suin
1039 4273 1066 4319 et
1089 4264 1189 4319 absolvi
1213 4265 1282 4319 intra
1304 4264 1372 4319 rluos
1395 4265 1599 4320 termemeuses
1616 4280 1691 4337 paira-

411 4350 528 4424 pluasiui
552 4349 578 4404 in
599 4348 767 4408 blattlneuui;
801 4366 858 4404 earu
881 4349 1032 4404 absolutam
1055 4350 1134 4405 mitto
1156 4350 1266 4409 (laseri.
1290 4359 1399 4423 excepta
1422 4359 1463 4404 est
1486 4365 1583 4421 magno
1607 4348 1690 4402 totins

410 4435 478 4491 atilae
501 4435 604 4496 lavore;
637 4432 757 4488 esbibuit
773 4452 829 4488 eam
845 4433 957 4489 loannes
973 4434 1085 4508 tilapion
1110 4435 1136 4490 in
1159 4434 1271 4493 sacello,
1296 4434 1476 4508 praesentibus
1496 4433 1601 4506 aliquot
1623 4431 1691 4485 aida·

410 4519 583 4594 priruatibus,
621 4520 691 4574 inter
714 4536 782 4591 quos
805 4527 861 4574 erat
885 4520 913 4575 n.
936 4520 963 4575 P.
987 4520 1132 4594 episcopus
1155 4519 1325 4580 Paleotiuus,
1360 4537 1475 4592 «pirorum
1503 4517 1691 4574 candidissimo

479 4703 499 4735 ¹¹
518 4703 612 4751 llertb.
631 4698 772 4765 lautomas]
800 4702 918 4759 dieseon,
943 4703 1116 4765 belunensis,
1143 4706 1213 4753 inter
1232 4704 1374 4752 Cicereius
1393 4704 1558 4766 interpretes
1582 4706 1609 4749 et
1632 4714 1691 4747 eor-

411 4790 483 4838 mine
496 4790 529 4838 de
543 4788 615 4838 bello
629 4786 798 4850 Siclciugaoo
812 4790 848 4840 la.
859 4785 931 4836 1523.
946 4789 1060 4853 scripto)
1075 4788 1178 4847 elarus3
1193 4793 1273 4836 nutus
1287 4804 1312 4837 a.
1325 4788 1405 4848 1485„
1420 4788 1437 4849 †
1454 4785 1533 4835 laod?
1572 4782 1594 4815 ²²
1607 4785 1692 4848 episc.

411 4870 486 4936 llus]
499 4871 710 4937 lfliristopborns
723 4870 919 4921 delftenbeim.
955 4871 976 4903 ³⁹
987 4874 1280 4934 liertiatlgmonaano
1293 4872 1439 4921 ct.Neseni
1452 4887 1494 4935 ep.
1507 4870 1540 4919 de
1554 4869 1694 4933 magistris

410 4957 509 5007 nostris
523 4956 717 5007 imvenieusib,
731 4971 813 5020 supra
827 4956 861 5004 od
874 4973 899 5005 n.
914 4972 1005 5005 uxxrx.
1020 4957 1067 5005 eit.
1136 4956 1159 4987 ⁴³
1177 4955 1306 5022 lllapionl
1320 4956 1419 5006 (lorolo
1434 4956 1464 5005 V.
1478 4957 1541 5020 imp.
1556 4972 1572 5003 u
1586 4955 1693 5003 contes-

410 5042 541 5093 sionibus.
593 5039 614 5072 ⁴¹
634 5043 718 5106 episc.
733 5039 801 5104 Pal]
822 5040 863 5089 (tf,
878 5040 911 5089 od
930 5041 1001 5090 lituu·¹
1016 5042 1122 5091 Eravsrni
1135 5043 1214 5107 epist.
1228 5043 1252 5090 d.
1267 5041 1309 5091 al.
1323 5041 1407 5107 April.
1421 5058 1446 5090 a.
1463 5040 1535 5089 15:¹2.
1549 5042 1690 5105 scriptum.
