3934 6034
317 686 424 737 CCCV.
433 703 572 739 crunnum
584 705 619 736 au
631 703 741 738 arrnuu.
750 703 792 735 ur.
812 686 928 735 cccvi.
937 700 1123 733 inconsueto
1134 699 1247 732 usuros.
1260 699 1302 732 rr.
1315 695 1381 733 mat.
1390 699 1445 733 rau.
1457 694 1512 733 {aas
1538 668 1605 737 157

340 976 474 1010 nasitus.
893 937 1039 1015 CCCV.
1412 968 1445 1010 eo.
1460 974 1516 1007 ran.
1532 967 1589 1007 ison.

321 1031 492 1038 ————
1408 1030 1609 1038 --.--.-.

690 1115 840 1170 zvta'utio
863 1115 926 1171 SVO
949 1113 1142 1169 ullaullanvs
1166 1112 1191 1167 S.
1214 1113 1241 1168 ll.

410 1252 502 1307 llisisti
528 1271 587 1325 quie
609 1252 642 1307 ile.
665 1252 778 1306 lloreste
803 1253 854 1305 isto
879 1252 1054 1325 scripserant,
1077 1259 1104 1304 ct
1127 1251 1233 1304 riicrito.
1256 1293 1495 1306 ...........
1534 1252 1609 1307 Eras-

322 1356 384 1392 mus
414 1338 477 1411 qiud
506 1338 659 1410 scripserit,
691 1338 716 1391 iu
745 1354 823 1392 iiiauu
854 1337 972 1391 onriiium
1002 1345 1052 1391 est.
1098 1352 1177 1390 senex
1201 1344 1254 1395 est,
1278 1336 1416 1409 quiescere
1438 1337 1532 1399 rcllct;
1562 1340 1608 1393 sed

294 1432 439 1495 saltimque
469 1441 531 1496 pens
559 1441 620 1477 uhtu
650 1422 756 1477 trahere
785 1431 913 1477 conatur:
948 1421 992 1475 ille
1016 1421 1139 1476 humanis
1161 1420 1327 1475 sectionibus
1349 1421 1443 1476 adesse
1451 1440 1519 1513 ¹non
1542 1423 1607 1485 vult.

322 1517 350 1563 et
374 1509 434 1581 quis
457 1526 517 1562 ierim
542 1508 646 1563 trahat?
684 1525 762 1580 quein
786 1506 885 1579 fugiat.
910 1508 994 1566 iulet.
1018 1523 1098 1579 quem
1121 1515 1263 1578 sequatur.
1288 1523 1341 1560 non
1364 1507 1440 1561 item:
1473 1507 1609 1563 Christum

323 1610 417 1648 omnes
440 1594 498 1648 iiius
521 1592 582 1648 lihri
605 1602 716 1653 seruant:
751 1610 780 1646 ac
802 1593 888 1664 niagis
911 1592 965 1646 veri
993 1591 1079 1647 simile
1108 1591 1254 1645 lutherani
1282 1592 1378 1646 studiis
1407 1591 1506 1647 Erasmi
1535 1594 1609 1648 aeliu·

324 1688 394 1739 tum,
419 1696 497 1751 quani
521 1677 658 1732 Erasniuin
682 1677 763 1732 illius.
810 1677 928 1731 'liniiilus
950 1684 1006 1735 est.
1031 1677 1092 1750 quia
1115 1683 1270 1731 cunctator:
1305 1693 1442 1750 nunquam
1465 1678 1609 1751 quicquam

323 1781 355 1818 es
384 1761 455 1818 illius
485 1780 531 1818 ore
560 1764 639 1818 attritio
674 1762 745 1835 quod
774 1780 827 1817 non
857 1761 992 1817 (iluistuin
1023 1771 1110 1816 sonet.
1155 1761 1298 1834 opiniones
1327 1762 1455 1817 hunuanus
1482 1763 1609 1836 quasdam

287 1847 418 1909 rolialiet;
457 1848 564 1902 Francis
586 1848 647 1921 plus
670 1848 759 1902 lairere
782 1848 886 1902 rielctur
914 1864 994 1919 quani
1017 1846 1169 1905 Germanis.
1200 1863 1351 1919 quanquam
1381 1864 1475 1902 omnes
1504 1848 1609 1904 adiuvat

322 1951 353 1988 ei
377 1951 464 2006 aquo.
508 1933 653 2006 displicent
675 1933 699 1987 ci
721 1933 927 1988 concionatores
951 1932 1058 2004 qualern
1081 1932 1126 2004 qui
1150 1940 1177 1986 et
1200 1931 1247 1987 tihi
1274 1931 1381 2006 placere
1408 1950 1462 1987 non
1484 1940 1609 2006 possunt,

324 2018 369 2091 qni
392 2036 451 2073 curn
476 2018 576 2073 irulocti
599 2018 653 2073 siut
676 2018 841 2090 liutherique
863 2035 970 2071 irarisam
993 2016 1118 2070 ailiurarc
1141 2015 1249 2078 volunt,
1278 2034 1333 2072 nou
1355 2017 1435 2072 morlo
1459 2035 1512 2073 uon
1535 2020 1610 2074 aeliu·

323 2113 400 2163 rant.
435 2104 481 2157 scil
510 2104 591 2158 etiarn
618 2102 758 2174 ‹aiveingetto
787 2111 893 2157 nocent.
938 2101 1108 2156 Luthcranus
1136 2119 1196 2156 csse
1224 2120 1278 2157 non
1307 2100 1364 2157 cult
1392 2102 1530 2164 Erasmus,
1562 2104 1609 2159 sed

323 2205 410 2260 niaque
439 2188 675 2248 Antilnthcranus,
710 2188 761 2242 nisi
789 2188 855 2243 ailco
886 2186 1039 2259 llagelletur
1068 2186 1102 2241 ah
1131 2187 1163 2241 iis
1190 2195 1220 2241 ut
1248 2188 1319 2242 serre
1346 2187 1461 2260 amplius
1484 2197 1608 2262 nequeat.

288 2273 417 2332 rsllirum
442 2291 504 2327 rere
527 2292 575 2328 cur
591 2273 713 2327 tierruaui
737 2273 803 2328 adeo
819 2272 929 2327 Erasmo
953 2272 1050 2326 infensi
1074 2272 1141 2332 siut.
1166 2289 1235 2344 qrios
1258 2273 1324 2327 acteo
1347 2272 1434 2327 literis
1455 2272 1608 2335 illustrarit.

321 2376 382 2412 cirin
412 2368 499 2413 tamen
529 2357 680 2432 pulchellus
711 2357 755 2411 ille
783 2357 914 2412 hleamler
945 2374 995 2430 por
1021 2365 1105 2412 totam
1128 2357 1295 2412 Germaniam
1322 2366 1368 2412 aaut
1389 2365 1464 2412 certo
1487 2376 1609 2431 inagnum

322 2442 475 2516 portionem
503 2461 589 2517 prope
617 2452 647 2497 ut
676 2443 808 2498 insultans
837 2444 922 2498 victor
950 2441 1041 2503 iverit,
1076 2461 1089 2497 a
1120 2443 1225 2497 nemine
1253 2441 1347 2504 laesus,
1380 2442 1480 2498 multos
1507 2445 1609 2499 interea

322 2528 436 2582 laedens:
471 2529 536 2583 luiiii
564 2536 627 2583 sunt
657 2529 741 2583 ruinae
770 2528 825 2582 hac:
861 2528 887 2581 in
912 2528 1081 2583 innocentem
1104 2526 1242 2582 lirasrnunr
1270 2529 1384 2583 serviunt
1411 2537 1438 2582 ct
1466 2538 1609 2601 propterea

322 2630 393 2667 nunc
415 2615 447 2668 ilo
469 2633 502 2668 eo
526 2613 593 2669 tales
616 2631 738 2669 rariuorcs
761 2621 893 2687 spargunt
896 2654 1231 2667 ...............
1268 2613 1325 2668 lias.
1342 2631 1373 2668 er
1389 2613 1491 2669 metilius
1508 2615 1609 2671 uostris

285 2697 386 2759 ooxlll.
404 2698 460 2753 llal.
478 2698 553 2753 l'ehr.
574 2705 646 2758 1523.
672 2741 701 2752 ..
726 2698 795 2752 l'ale.

881 2834 1047 2842 -—-

458 2882 559 2930 CCCl'.
591 2881 711 2944 Zuhiglii
731 2881 800 2947 Opp.
821 2880 1168 2946 (ludic.hihliogr.1r.8l.)
1188 2899 1212 2947 p.
1226 2880 1284 2933 263,
1298 2898 1356 2948 sqq.
1379 2882 1415 2932 u⁰.
1431 2899 1474 2932 111.

343 3305 497 3373 [sisinum]
882 3290 1048 3368 CCCVI.
1411 3322 1445 3363 u.
1461 3329 1517 3363 mn.
1534 3323 1590 3364 isra.

756 3467 894 3522 loliatus
917 3467 1175 3525 OEuotlltl’aulvs

571 3567 727 3615 tllttthNI
746 3565 1019 3616 CONCIONATORI
1038 3565 1311 3615 ltottvu'rutuust
1336 3565 1362 3615 S,

287 3713 314 3752 22,
408 3689 568 3743 tlliarissiine
597 3690 693 3749 trater,
724 3690 776 3744 Scit
807 3690 952 3745 Cratander
981 3690 1052 3762 quod
1081 3708 1161 3763 saepe
1189 3691 1220 3745 ml
1252 3700 1277 3745 tc
1305 3691 1410 3754 scriho,
1441 3695 1548 3768 saepius
1571 3695 1609 3750 tui

323 3775 479 3829 uicinoriain
504 3775 629 3835 traheam,
655 3775 707 3829 imo
730 3784 888 3848 perpetuam
905 3818 1029 3829 ......
1067 3777 1135 3830 Sunt
1158 3777 1199 3830 luc
1222 3793 1252 3830 er
1276 3778 1462 3833 sacerdotibus
1485 3790 1511 3835 et
1535 3780 1610 3836 theo·

324 3859 393 3930 louis
421 3861 465 3932 qui
494 3861 527 3914 ilc
556 3877 597 3914 nie
626 3861 742 3933 pessime
772 3860 846 3933 loqui
875 3862 999 3933 cupiant.
1034 3879 1082 3915 nec
1110 3862 1245 3916 desistunt
1272 3862 1316 3917 uhi
1340 3862 1407 3918 clarn
1436 3866 1608 3926 conveniunt,

324 3954 427 3999 tautum
451 3946 592 3999 iiiachinati
616 3953 645 3999 ut
669 3945 786 3999 lluttcuo
809 3963 862 4000 non
887 3947 968 4001 hierit
990 3946 1091 4000 «liutius
1116 3955 1201 4001 tutuin
1226 3947 1268 4001 hic
1291 3965 1384 4019 agere,
1419 3950 1489 4004 uncle
1512 3960 1538 4004 et
1561 3968 1610 4005 uu·

323 4031 482 4085 illustertias
511 4030 572 4084 hine.
600 4030 738 4091 discessit,
769 4048 899 4104 quorsum
928 4040 1017 4086 autern
1040 4032 1131 4086 nescio
1149 4074 1343 4085 .........
1375 4034 1445 4088 l'ale,
1483 4036 1544 4108 ipso
1567 4036 1610 4091 ilie

288 4116 444 4186 aohgnetis.
478 4123 552 4176 15‘23.

324 4300 439 4348 c'c‘et'l.
471 4302 531 4349 hl).
552 4301 663 4348 Ioannis
682 4299 892 4365 Occolnrnpudii
912 4306 939 4349 et
958 4300 1104 4349 Hultlrichi
1122 4300 1243 4365 Zvinglii
1263 4300 1440 4366 epistolarum
1460 4302 1524 4351 libri
1543 4318 1609 4367 qua·

350 4394 417 4433 trior.
431 4384 478 4434 hc.
500 4385 585 4434 llasil.
602 4384 674 4434 Iaso.
695 4384 742 4433 iol.
763 4387 782 4438 f.
796 4378 853 4433 209.
886 4384 928 4433 Cf.
948 4385 1022 4433 inira
1040 4385 1180 4449 Excerpta
1200 4402 1232 4434 ex
1245 4386 1309 4434 nor.
1323 4386 1441 4435 Scirlteti
1454 4388 1583 4437 Annalib.

840 4485 938 4533 crarig.
958 4470 1093 4518 renovati.

391 4608 400 4639 ³
419 4610 484 4657 Hor.
500 4606 528 4672 i.]
544 4609 581 4657 lo.
597 4609 882 4672 Rormll'onneckcro,
897 4609 930 4659 de
945 4624 997 4674 quo
1011 4609 1045 4658 ci.
1060 4608 1160 4659 Athen.
1180 4610 1291 4658 Rauric.
1308 4608 1380 4658 1778.
1399 4607 1436 4658 8⁰.
1455 4625 1481 4674 p.
1498 4608 1552 4659 168.
1566 4625 1607 4675 sq.

390 4693 411 4725 ²⁷
429 4696 543 4759 cupiant
561 4695 693 4744 Scultetm.
747 4694 768 4725 ²⁹
787 4696 928 4745 discescit.
950 4700 973 4745 1.
