3934 6034
498 698 628 751 CCCl'lI.
643 714 745 748 nnassu
760 715 822 749 nor.
837 715 872 749 nn
887 713 999 748 ranerii
1013 713 1157 748 carnisse
1171 714 1213 747 nr.
1229 715 1253 747 n.
1269 707 1288 747 t.
1303 714 1382 747 reon.
1399 706 1458 747 isat.
1550 682 1617 751 175

334 891 393 928 sese
416 874 496 928 huius
520 892 622 946 regno:
646 875 703 929 lnoc
725 873 830 946 aliaque
853 872 986 947 permulta
1010 882 1073 928 suut
1096 873 1122 927 in
1138 872 1247 928 illorum
1263 872 1358 928 literis.
1403 872 1438 927 lle
1454 865 1618 943 regno'nus·

334 977 412 1031 {priam
443 959 565 1013 utemini:
595 959 692 1015 alicubi
722 959 817 1032 scripsi
849 959 917 1032 ‘piios
947 975 1040 1013 orienes
1069 957 1167 1030 ubique
1196 958 1283 1012 lavere
1313 958 1437 1029 dignitati
1468 955 1617 1030 pontilicis:

334 1044 394 1116 quis
417 1052 506 1099 autem
535 1062 588 1099 non
620 1045 706 1099 lareat
736 1045 792 1098 eius
815 1044 939 1115 dignitati
964 1044 1009 1117 qui
1033 1042 1177 1097 virtutibus
1200 1042 1360 1115 evangelicis
1383 1042 1518 1098 Christum
1540 1039 1619 1096 nobis

333 1130 541 1201 representet?
564 1138 591 1185 et
614 1130 665 1185 boc
687 1129 768 1189 addo,
793 1128 900 1201 quoties
916 1128 1018 1201 aliquid
1036 1128 1125 1182 tribuo
1141 1127 1266 1200 dignitati
1282 1127 1426 1201 pontilicis.
1461 1143 1539 1182 tiemo
1554 1142 1618 1180 reri»

312 1214 420 1269 tnescit.
443 1213 541 1286 quibus
564 1215 590 1269 in
614 1213 694 1270 rebus
717 1214 769 1269 sita
792 1214 827 1268 sit
850 1231 910 1268 verra
932 1214 1050 1286 dignitas
1072 1213 1183 1267 llomani
1206 1211 1354 1287 pontilicis:
1378 1231 1426 1268 nec
1449 1213 1500 1267 hoc
1522 1227 1576 1266 uno
1592 1210 1618 1265 in

335 1298 393 1353 loro
422 1298 585 1354 declaratum
614 1308 656 1354 cst
684 1299 711 1353 in
739 1298 971 1354 lucubrationibus
1000 1297 1074 1353 meis.
1119 1297 1175 1370 Ego
1197 1315 1261 1353 roro
1283 1299 1378 1353 doetus
1401 1316 1433 1353 ex
1456 1294 1616 1369 evangelicis
1627 1308 1685 1359 §.sa

335 1392 361 1437 et
392 1383 549 1457 apostolicis
578 1384 664 1439 literis
693 1385 774 1439 etiam
802 1384 917 1439 ethnicis
940 1382 1107 1456 principibus
1129 1382 1230 1455 aliquid
1254 1382 1424 1438 tribuendum
1447 1399 1507 1437 esse
1528 1380 1617 1441 didici.

335 1469 385 1523 nisi
409 1468 495 1541 palam
519 1470 599 1543 impia
622 1468 739 1524 iubeant.
783 1469 814 1523 ad
844 1468 910 1523 banc
942 1467 1062 1540 regulam
1092 1466 1191 1522 nullius
1219 1468 1339 1541 episcopi
1369 1468 1527 1541 dignitatem
1555 1482 1619 1521 eon·

337 1554 504 1608 tennieudani
528 1573 587 1610 esse
609 1572 717 1609 censeo.
761 1571 795 1608 an
824 1571 876 1607 non
905 1553 1014 1626 impium
1044 1561 1085 1607 est
1113 1561 1286 1608 contemnere
1316 1553 1415 1608 bonum
1444 1551 1619 1626 episcopum?

302 1640 386 1692 ioSed
409 1639 560 1711 depingunt
583 1657 662 1712 quem
685 1638 768 1694 velint
790 1638 933 1693 contemni.
978 1637 1011 1692 Et
1034 1638 1094 1709 quis
1117 1646 1172 1699 est,
1202 1639 1341 1712 inquiunt,
1372 1638 1507 1693 Romanus
1530 1636 1620 1709 ponti·

338 1723 391 1784 les.
415 1741 447 1778 an
471 1741 525 1780 tion
547 1733 659 1780 exiistor
681 1723 826 1796 evangelii,
856 1724 979 1778 iuimicus
1001 1723 1058 1783 dei,
1088 1723 1216 1778 seductor
1239 1724 1323 1778 totius
1339 1723 1483 1778 Christiani
1505 1720 1619 1795 populi?

336 1808 362 1862 Si
385 1809 418 1862 de
441 1808 487 1863 tali
512 1809 637 1882 pontificu
660 1809 822 1882 loquuntur.
847 1827 860 1862 a
884 1826 925 1863 mo
949 1807 1039 1863 nullus
1063 1825 1178 1880 unquam
1202 1808 1332 1881 probatus
1347 1817 1397 1863 est.
1442 1816 1469 1863 et
1492 1805 1619 1862 tamensi

336 1894 396 1966 quis
420 1893 480 1947 talis
503 1902 587 1955 esset.
611 1912 666 1950 nou
689 1903 731 1949 est
753 1912 841 1949 nterim
865 1893 926 1948 illos
948 1894 981 1948 de
1004 1892 1074 1948 solio
1097 1894 1280 1966 praecipitare:
1304 1893 1366 1948 vivit
1388 1894 1474 1949 adhuc
1497 1891 1620 1947 Christus

336 1985 362 2032 et
386 1978 465 2033 habet
488 1979 513 2033 in
537 1996 615 2034 manu
639 1978 773 2051 {lagellum
797 1978 894 2051 quihus
918 1978 984 2034 tales
1008 1978 1132 2034 exturbet
1154 1996 1168 2032 e
1192 1978 1302 2052 templo.
1347 1978 1398 2033 Sed
1420 1995 1474 2033 uon
1490 1985 1532 2032 est
1548 1992 1687 2050 spasano,

303 2063 476 2135 taiiiqiriont.
507 2072 684 2137 soqoutnrum
715 2062 853 2119 meliorem
877 2064 973 2119 Leone.
1017 2063 1134 2117 Primum
1164 2080 1215 2134 ego
1244 2080 1297 2118 non
1326 2081 1384 2119 suni
1408 2063 1485 2118 iudex
1507 2061 1620 2117 boonis:

339 2148 418 2202 habet
442 2148 486 2202 ille
510 2166 588 2204 suurn
611 2150 722 2206 iudicem
746 2149 787 2204 coi
812 2158 864 2203 stat
887 2157 932 2202 aiil
955 2148 1040 2203 cadit:
1063 2148 1086 2201 si
1109 2158 1306 2221 praecesserunt
1323 2156 1361 2203 tot
1379 2148 1455 2208 boni.
1480 2164 1551 2220 quur
1565 2163 1620 2201 non

336 2240 377 2288 est
408 2251 469 2306 spes
498 2233 614 2307 aliquem
643 2253 724 2309 posse
755 2234 830 2306 sequi
860 2234 957 2307 priscis
980 2232 1034 2288 illis
1057 2232 1223 2288 adsinrileml
1256 2250 1316 2289 uam
1338 2234 1371 2288 de
1394 2234 1444 2288 hoo
1467 2231 1532 2287 nihil
1556 2248 1621 2305 pro·

337 2319 448 2378 nuncio.
477 2336 510 2374 ne
538 2320 581 2374 cui
612 2320 702 2375 ridear
724 2319 864 2374 assentari.
909 2318 1032 2373 Christus
1055 2318 1111 2391 ipse
1134 2318 1315 2391 perimpium
1339 2318 1492 2390 pontillcom
1515 2316 1620 2371 adiura-

338 2413 380 2458 tus
403 2404 543 2478 rospondit
565 2422 613 2460 nec
637 2422 752 2477 prorsus
775 2404 889 2459 obticuit
911 2422 925 2458 a
948 2402 1035 2458 Pilato
1059 2404 1148 2458 iussus
1171 2401 1260 2476 loqui;
1284 2403 1381 2458 l‘aulus
1405 2403 1541 2477 quomodo
1563 2402 1620 2474 agit

301 2502 442 2543 eoearisam
465 2489 534 2562 apud
557 2489 678 2550 Fesuinr.
702 2489 816 2545 Felicem
837 2495 864 2543 et
886 2488 1046 2562 Agrippam.
1071 2488 1193 2543 videlieet
1214 2487 1333 2562 appellat
1356 2495 1499 2562 tyrannos.
1523 2487 1621 2542 manci·

337 2574 378 2646 pia
401 2572 515 2633 diaboli.
540 2592 633 2630 servos
656 2575 770 2648 pernati,
794 2574 888 2629 hostes
910 2573 966 2633 dei,
990 2590 1051 2629 mon
1074 2574 1183 2629 aeternis
1207 2573 1314 2645 ignibus
1337 2573 1514 2628 addicendos?
1546 2572 1620 2627 Nunc

336 2659 393 2714 ride
416 2658 479 2732 quid
503 2658 547 2714 isti
571 2660 760 2732 responderint
782 2658 938 2714 civilitatem
962 2676 1046 2713 meant
1070 2657 1268 2713 excessantibus.
1313 2657 1369 2719 stc.
1393 2659 1495 2731 inquit,
1518 2657 1620 2713 diceret

335 2743 475 2804 Erasmus,
505 2744 687 2801 Antichristus
709 2763 752 2806 es,
782 2762 864 2818 papa:
894 2744 1050 2799 seductores
1073 2744 1152 2804 estis,
1180 2743 1316 2817 episcopi;
1338 2744 1455 2799 ltomana
1478 2742 1555 2799 sedes
1578 2759 1621 2796 re·

336 2838 391 2883 stra
414 2828 600 2885 abominabilis
623 2838 665 2884 est
687 2831 750 2889 deo.
780 2828 886 2902 alioque.
917 2829 942 2883 in
970 2829 1039 2884 hanc
1066 2829 1226 2883 senteutiam
1256 2828 1339 2884 multa
1368 2829 1410 2883 his
1436 2829 1516 2883 etiam
1544 2826 1619 2882 odio·

298 2915 416 2968 easiora.
460 2914 518 2969 Non
547 2914 663 2987 probant
685 2914 786 2969 Erasini
813 2915 981 2974 civilitatem,
1012 2913 1062 2967 nisi
1091 2915 1166 2986 prins
1193 2914 1250 2969 liare
1277 2914 1398 2987 praelati,
1422 2922 1474 2969 tam
1498 2912 1690 2974 videlicettao.

335 2998 495 3071 evangelice.
539 2999 657 3055 Priiuum
681 2998 746 3054 illud
771 3016 888 3072 quaeram
911 3017 942 3053 ex
965 3017 1025 3053 mco
1049 2997 1148 3061 iudice,
1179 3016 1211 3054 an
1240 3006 1317 3071 putet
1345 3016 1436 3072 aequas
1464 2996 1618 3053 huiusmodi

336 3083 409 3154 leges
433 3102 499 3156 quas
522 3085 587 3139 milri
609 3084 776 3158 praescrihit;
799 3084 895 3139 deinde
917 3101 950 3138 an
974 3091 1051 3156 putet
1073 3083 1154 3139 utiles
1177 3084 1291 3157 negocio
1307 3083 1469 3139 hutherano.
1514 3084 1541 3137 Si
1563 3083 1619 3138 baec

336 3169 480 3224 scriberem
504 3170 530 3223 in
553 3170 639 3225 bonos
663 3169 818 3243 pontifices,
842 3185 932 3224 nerine
955 3169 1044 3224 ridear
1067 3168 1197 3224 iniurius?
1227 3169 1249 3223 si
1273 3169 1299 3223 in
1323 3167 1407 3225 malos
1422 3169 1461 3224 sic
1475 3167 1620 3223 debaccha-

337 3271 394 3313 rrr.
429 3255 492 3328 quid
515 3254 587 3310 aliud
610 3272 688 3327 quam
713 3256 845 3310 irritarem
868 3253 1015 3309 crabrones
1038 3254 1065 3308 iu
1087 3272 1175 3309 meum
1198 3254 1398 3327 multorumque
1420 3253 1537 3309 malurn?
1570 3252 1687 3311 Sul-st.

299 3348 427 3411 aoperest
454 3339 540 3394 adime
568 3357 649 3394 tinum
678 3340 778 3395 crimen
809 3340 928 3394 omnium
956 3339 1114 3393 inanimum:
1144 3340 1170 3393 in
1193 3339 1351 3412 Paraphrasi
1374 3357 1424 3412 qua
1448 3337 1551 3413 explico
1574 3356 1622 3393 no·

336 3441 398 3478 nuru
421 3433 501 3496 caput
523 3424 639 3498 apostoli
656 3423 730 3480 l'auli
753 3425 784 3479 nd
801 3425 948 3483 Romanos,
973 3424 1063 3479 tribuo
1083 3424 1219 3479 iiiittimurn
1243 3424 1367 3497 quiddam
1392 3424 1476 3479 libero
1498 3424 1621 3483 arbitrio.

337 3508 457 3564 videlieet
484 3516 616 3582 sequutus
639 3510 781 3582 (trigencin
811 3518 838 3564 et
867 3509 1068 3582 llieronyimnu.
1112 3509 1249 3582 Principio
1278 3527 1359 3582 mutii
1381 3509 1556 3582 paraphrasis
1585 3509 1622 3563 sit

335 3594 519 3649 rontinentarii
542 3611 642 3667 genus.
672 3612 754 3667 «purtim
781 3595 910 3667 prolitear
939 3612 980 3649 me
1004 3594 1030 3648 in
1053 3593 1190 3668 plerisque
1213 3595 1290 3667 sequi
1312 3593 1443 3667 probatos
1465 3611 1496 3649 ac
1518 3594 1622 3667 priscos

337 3679 512 3752 interpretes.
544 3680 607 3753 quid
635 3680 779 3736 admissum
808 3688 850 3735 est
872 3679 969 3753 piaculi
994 3679 1016 3733 si
1040 3696 1140 3751 sequor
1158 3679 1254 3735 :alieubi
1277 3680 1420 3751 (bigenem
1442 3687 1469 3733 et
1493 3679 1622 3752 llierony-

301 3780 422 3825 annnam,
451 3773 560 3820 ardores
589 3772 619 3820 ut
641 3765 760 3821 arbitror
782 3766 808 3820 in
831 3766 915 3821 sacris
937 3763 1024 3819 literis
1047 3782 1100 3819 non
1123 3765 1322 3838 aspernandos?
1357 3767 1445 3838 Atque
1473 3764 1497 3819 id
1522 3765 1620 3819 laetum

335 3859 376 3904 est
399 3858 461 3904 atde
484 3868 562 3922 qiram
586 3850 719 3905 lutherus
742 3851 906 3924 prodidisset
928 3850 1027 3920 dogma
1049 3867 1142 3910 suum,
1172 3850 1227 3905 sire
1252 3848 1462 3910 Wicleriticum.
1493 3848 1620 3922 quicquid

336 3935 447 3990 lucinius
478 3936 533 3989 sire
562 3934 625 3990 lieni
655 3935 709 3989 sire
738 3935 799 3991 urali
827 3953 886 3990 esse
914 3935 1084 3991 necessitatis
1106 3934 1253 3990 absalius:
1283 3952 1343 3990 nam
1367 3954 1424 3991 inea
1447 3933 1621 4008 l'araphrasis

335 4037 430 4075 racina
461 4028 503 4075 est
525 4019 632 4076 Loranii
661 4038 732 4075 aritio
763 4020 904 4076 millesimo
934 4019 1151 4093 quingentesimo
1180 4020 1434 4094 decimoseptimo.
1466 4028 1494 4075 et
1515 4019 1620 4093 aliquot

337 4105 471 4159 trierisibus
500 4114 558 4160 erat
580 4106 732 4178 antverpien
761 4106 860 4178 scripta
891 4105 965 4178 prius
995 4122 1075 4176 quani
1097 4105 1282 4160 excluderetur.
1328 4115 1408 4178 atque
1431 4105 1538 4160 interim
1562 4104 1621 4178 qui·

303 4190 394 4245 rodam
417 4189 569 4263 appellatur
591 4198 666 4245 totus
689 4190 871 4251 Erasniianus,
902 4189 973 4262 quod
1003 4190 1036 4245 de
1065 4188 1150 4244 libero
1173 4190 1287 4245 arbitrio
1310 4209 1414 4246 meemn
1436 4190 1535 4245 sentiat
1557 4198 1621 4244 eta

336 4274 453 4329 luthero
476 4275 633 4330 dissentiat:
657 4275 703 4329 sed
727 4283 815 4330 tairieu
837 4266 906 4330 huie
920 4276 1001 4330 datur
1023 4274 1113 4336 senia.
1144 4275 1216 4348 epiriid
1239 4276 1341 4330 iureitis
1364 4276 1442 4330 litum·¹
1465 4275 1521 4348 spei
1545 4274 1618 4330 beeri

335 4360 369 4413 sit
392 4359 471 4414 aliter
493 4378 629 4415 sensurus.
675 4359 720 4414 llir
744 4378 838 4415 rursus
860 4359 968 4433 appello
992 4377 1079 4415 rnerun
1101 4378 1208 4433 respuunt
1232 4360 1358 4419 iudicem.
1383 4379 1464 4434 quum
1488 4360 1538 4415 bor
1553 4360 1688 4416 scri-§.so

336 4445 434 4517 pserim
458 4453 518 4499 riute
542 4445 676 4518 prmlituui
695 4445 802 4499 bertheri
825 4445 937 4516 dogma,
961 4462 1043 4518 quum
1067 4446 1136 4501 idem
1159 4446 1276 4501 sentiant
1300 4463 1393 4500 omnes
1417 4445 1539 4517 theologi
1563 4453 1619 4499 tuni

335 4538 439 4585 veteres
456 4538 511 4584 tum
528 4540 663 4589 recentes.
688 4530 831 4602 thigeues,
855 4530 1049 4603 Hieronymus,
1074 4531 1296 4604 chrysostomus,
1321 4530 1451 4592 llilarius,
1474 4529 1619 4589 arnobius.

300 4616 446 4676 rostratas,
482 4614 610 4677 Thomas,
640 4633 689 4670 cur
717 4632 768 4684 ergo
797 4614 869 4670 velut
891 4624 972 4669 autor
994 4615 1073 4670 liuius
1096 4616 1238 4670 sententia·
1260 4633 1342 4672 vocor
1366 4617 1391 4671 in
1416 4616 1471 4676 ius.
1500 4623 1527 4670 et
1551 4632 1621 4689 quur

335 4701 379 4772 qui
402 4700 527 4755 dissentit
549 4719 564 4755 a
586 4700 720 4760 liuthero,
743 4706 854 4755 voeatnr
876 4698 1046 4755 Erasiniauus
1070 4700 1161 4773 plotius
1184 4718 1264 4774 quami
1286 4700 1438 4757 llilarianus
1460 4709 1507 4755 aut
1529 4700 1622 4755 lliero·

335 4786 489 4857 serranianus,
520 4786 670 4858 praesertim
701 4802 782 4857 qiuim
805 4803 862 4840 eam
886 4786 1064 4857 ‹piastiouem
1088 4802 1143 4840 iton
1165 4786 1330 4860 susceperim
1353 4787 1569 4860 pertractandam
1593 4786 1619 4840 iu

335 4869 492 4943 l'araplirasi
521 4870 566 4924 sed
596 4870 684 4924 obiter
713 4868 901 4930 transilierim.
931 4870 1154 4942 quemadmodum
1188 4871 1252 4926 lecit
1275 4872 1331 4945 ipse
1356 4871 1468 4933 l‘aulus,
1497 4872 1542 4943 qui
1566 4888 1620 4927 nou

335 4955 462 5024 dignatur
478 4954 531 5009 illie
548 4955 712 5028 respoudere
730 4955 915 5028 percontatori
932 4954 1064 5029 improbo.
1094 4965 1120 5012 et
1137 4964 1225 5012 tanton
1242 4957 1314 5015 side.
1332 4956 1429 5016 lotor.
1455 4965 1556 5029 ipianto
1573 4957 1621 5011 mi·

303 5055 327 5097 ao
338 5057 388 5095 nus
411 5039 465 5095 illic
489 5040 604 5097 triluuuu
621 5040 706 5095 libero
722 5040 836 5095 arbitrio
852 5058 930 5113 quam
948 5041 1067 5096 tribuant
1084 5041 1123 5097 rel
1140 5051 1244 5098 reteres
1261 5040 1300 5094 rel
1317 5042 1497 5098 recentiorum
1513 5040 1622 5097 scholae.
