3934 6034
295 674 369 746 288
471 690 670 740 cccxxxlll.
691 706 808 741 spossus
822 707 923 741 susem
937 708 1078 744 sorssors
1092 710 1261 744 assentiamus
1275 709 1406 743 avaram.

294 864 409 920 minem.
456 861 533 931 Quid
551 862 605 919 itae
626 877 702 931 acea,
725 865 752 920 si
770 866 866 922 malas
880 861 944 922 est?
962 883 1016 937 cao
1033 884 1091 924 uem
1105 867 1275 940 praedicavi
1292 868 1414 924 bimum:
1433 873 1462 923 et
1480 872 1581 922 tamea

294 965 368 1021 mibi
383 964 473 1021 leonas
495 970 524 1021 el
544 964 709 1021 claaatodus
729 968 842 1023 amicus
863 975 942 1037 erat,
966 969 1058 1026 doirec
1078 970 1143 1027 liar
1170 969 1317 1041 traaadio
1341 969 1461 1024 vitiaret
1480 982 1583 1023 otnties

295 1067 449 1123 amicitias.
501 1064 567 1122 Iam
600 1068 677 1123 male
698 1066 785 1123 babet
805 1073 834 1124 el
853 1068 928 1125 illud
952 1071 1030 1141 arrad
1052 1070 1171 1127 Errium
1201 1070 1311 1128 alieubi
1336 1071 1469 1137 scarabeo,
1502 1070 1582 1126 citra

293 1168 497 1224 coutumeliam
516 1170 635 1240 opinor,
653 1176 682 1225 et
702 1167 823 1241 affirma
840 1186 934 1228 meum
948 1172 984 1228 de
999 1173 1048 1229 illo
1067 1173 1256 1229 testimouium
1273 1179 1364 1240 relus,
1389 1173 1480 1243 areale
1495 1185 1582 1228 ram-

227 1269 421 1326 saumatam
441 1276 485 1327 est
505 1271 574 1343 ipsi,
596 1286 654 1327 aem
675 1273 762 1341 quale
783 1288 802 1327 a
823 1288 868 1329 me
887 1274 1038 1345 proditum
1061 1281 1112 1330 esl.
1156 1273 1216 1330 Sed
1235 1273 1463 1342 intolerabilius,
1498 1272 1602 1343 quoda

294 1372 324 1427 itt
342 1372 473 1443 epistolis
493 1371 637 1429 lattdatur
657 1370 784 1430 laartues
806 1374 903 1431 Faber
923 1376 1037 1432 ordluls
1060 1375 1275 1448 praedicatorii.
1319 1376 1343 1431 is
1371 1375 1471 1446 astulis
1499 1388 1583 1430 uuae

293 1473 332 1529 sil
350 1475 463 1538 aescio,·
481 1480 561 1531 certe
579 1473 651 1531 milii
668 1472 792 1532 Lorarii
803 1479 966 1549 persuasit,
987 1476 1066 1549 arcad
1084 1478 1247 1534 institueret
1266 1476 1407 1547 Auorrslee
1422 1476 1581 1545 eolleaium

217 1609 218 1613 =
292 1574 449 1631 tradendis
468 1576 577 1647 linquis
598 1592 635 1633 aa
656 1576 736 1632 bouis
757 1577 850 1635 literis
857 1598 867 1642 ,·
897 1579 1022 1635 osteadit
1041 1578 1171 1651 diploma
1197 1578 1325 1635 laseris
1351 1576 1582 1640 ilarimiliaai:

292 1676 330 1733 de
351 1677 528 1750 capitalibus
550 1677 723 1749 quibasdam
746 1679 869 1736 iairuieis
893 1679 1018 1737 Latiari
1045 1690 1132 1750 alqite
1162 1679 1200 1736 de
1232 1681 1297 1751 ipsa
1325 1677 1463 1734 Baraaua
1489 1678 1581 1734 curia

287 1780 446 1851 plusquam
469 1778 610 1837 hostiliter
630 1767 819 1851 loquebatur:
851 1781 1005 1837 arridebat
1029 1796 1141 1837 morum
1167 1781 1369 1849 coatrttoditas,
1400 1787 1431 1836 et
1457 1781 1487 1835 iu
1521 1795 1579 1850 sua
1592 1793 1616 1832 to

292 1880 435 1952 lltcolaaia
457 1880 609 1939 uidebatur
629 1896 685 1937 aau
709 1882 871 1953 tvalaartter
892 1881 1034 1939 eruditas.
1079 1881 1124 1938 bis
1146 1882 1231 1939 rebus
1250 1883 1375 1939 catarsit
1395 1897 1415 1936 a
1430 1896 1478 1937 rae
1492 1896 1580 1937 coru-

292 1982 491 2040 meadaliaues
513 1983 632 2055 aliquot.
670 1985 739 2054 aetia
761 1990 789 2040 el
807 1982 947 2052 Colonia,
969 1999 1035 2041 cerm
1057 1985 1118 2040 illic
1138 1993 1211 2040 esset
1231 1984 1349 2051 (lesem,
1379 1982 1580 2050 celebrabas,

292 2092 321 2142 et
335 2084 372 2142 de
386 2083 513 2142 Lulbero
527 2085 647 2156 reliquit
661 2086 854 2156 uanissimam
873 2084 1012 2141 iudicium
1028 2101 1082 2141 sua
1101 2100 1191 2141 triltau
1210 2085 1389 2157 descriptam
1411 2090 1472 2141 litia
1491 2083 1582 2157 erpetd

225 2195 291 2244 §.aa
303 2188 487 2243 cardinalem
507 2185 725 2258 Mouuatiaum,
752 2194 810 2242 lum
833 2185 916 2257 apud
935 2202 990 2243 rue.
1031 2186 1109 2254 (mid
1127 2186 1176 2242 bie*
1198 2186 1283 2243 aliud
1302 2188 1464 2244 criminari
1482 2193 1582 2259 frates!

291 2288 437 2346 Halteuus
460 2290 489 2344 ia
517 2303 562 2344 me
592 2290 651 2345 uisi
669 2288 883 2360 simplicitatem
905 2295 934 2344 et
954 2288 1113 2344 eandorem
1135 2283 1248 2345 auiam?
1277 2290 1304 2343 si
1324 2290 1392 2345 talis
1414 2295 1460 2345 esl
1485 2304 1577 2357 reatae,
1591 2306 1614 2343 a.

291 2377 406 2463 attalem
427 2391 475 2447 ille
492 2389 655 2463 predicat,
676 2404 730 2460 aaa
753 2394 864 2445 lautam
887 2387 1041 2459 vafriciem
1063 2390 1101 2446 de
1121 2389 1236 2447 boraiae
1256 2390 1403 2447 Germana
1425 2391 1582 2462 suspicari

291 2509 349 2551 aaa
370 2493 469 2565 polu&
502 2507 555 2549 aec
575 2505 670 2548 meum
690 2496 758 2547 erat
778 2500 928 2562 ureastare
955 2491 1051 2561 uitalis
1077 2492 1126 2547 ille
1149 2498 1216 2563 post
1239 2490 1364 2562 ferturus
1392 2500 1483 2559 esset,
1518 2507 1577 2548 riou

290 2595 386 2665 mauis
405 2591 553 2665 profecto,
576 2606 664 2664 auam
685 2590 806 2662 efficere
824 2593 918 2664 uolui,
944 2609 981 2650 ue
1001 2592 1146 2651 Hullerms
1166 2593 1238 2649 milii
1255 2595 1297 2650 sic
1318 2593 1462 2651 laudatus
1485 2601 1578 2652 amte-

291 2695 364 2765 bac,
396 2700 425 2751 et
443 2693 583 2751 laudatas
603 2709 643 2750 ex
662 2694 773 2764 crisima,
807 2696 875 2750 latis
896 2694 1046 2763 ercidetur,
1080 2696 1194 2766 attalem
1221 2712 1252 2752 se
1274 2694 1411 2753 declarat
1433 2691 1497 2752 *iu
1521 2695 1579 2752 isac

223 2796 410 2868 §.tsalibellm
441 2797 492 2867 qui
512 2796 592 2873 nulli,
608 2794 681 2852 boao
709 2811 779 2853 tiore.
794 2794 935 2867 displicet.
982 2794 1124 2853 l'eelerum
1152 2812 1217 2854 cam
1245 2795 1358 2853 Ioauue
1385 2797 1488 2854 Fabra
1517 2814 1614 2854 ea—uo

289 2900 392 2957 rtariica
413 2897 626 2954 Coaslaalieasi
650 2896 723 2953 milti
749 2898 910 2953 intercessit
936 2898 1066 2953 amicilia
1092 2899 1265 2969 oriamuam
1286 2898 1449 2955 Latiarum
1479 2907 1580 2956 nasset

289 3000 375 3057 orbis.
418 2999 498 3071 quod
515 3001 542 3056 si
559 3000 641 3056 uelim
661 2998 791 3055 aturribus
819 3000 1000 3054 teuuaeiare
1026 3000 1184 3056 amicitiam
1212 3002 1263 3071 qui
1286 3000 1488 3057 adversaretur
1509 3000 1577 3058 Lu-

289 3101 385 3170 ctera,
419 3102 469 3157 aia
491 3102 580 3159 ullam
601 3100 674 3157 mibi
693 3101 836 3172 reliquum
856 3098 991 3169 facerem
1020 3116 1119 3156 earum
1147 3100 1249 3172 quibus
1272 3117 1325 3173 aaa
1351 3101 1441 3159 debeo
1462 3105 1576 3162 amaia.

288 3204 407 3276 scripsit
427 3204 476 3260 ille
496 3202 602 3260 librum
628 3204 658 3259 ia
681 3202 856 3261 Lulleerum:
890 3211 921 3258 at
941 3217 998 3258 aori
1019 3203 1137 3274 scripsit
1157 3218 1202 3259 me
1223 3205 1391 3276 impulsare.
1431 3199 1448 3233 *
1462 3209 1575 3263 ‘uerum

288 3304 450 3377 aliqurmda
473 3305 540 3361 dici
559 3304 664 3363 librum
692 3306 774 3363 illum
792 3304 924 3362 orauilms
951 3304 1061 3360 merdis
1075 3301 1328 3376 percacaudum':
1361 3307 1414 3375 oui
1434 3305 1490 3363 leae
1512 3307 1610 3365 dee-is

288 3409 353 3465 tulit
372 3405 514 3478 llutteuo,
536 3408 598 3479 ipsc
618 3408 756 3463 mimirum
777 3417 819 3464 est
838 3404 969 3463 omuibus
990 3405 1099 3462 merdis
1117 3407 1340 3478 percaeaudus,
1363 3422 1433 3464 aaut
1455 3425 1491 3465 ea
1515 3425 1576 3466 evax

289 3526 343 3566 aee
365 3510 468 3567 audita
490 3508 562 3565 milei
581 3518 684 3566 estex
705 3523 862 3580 quoquam,
889 3523 943 3564 aec
960 3506 1033 3563 mibi
1052 3502 1180 3577 utiquam
1202 3510 1247 3565 ael
1268 3510 1297 3564 ia
1316 3511 1424 3565 sommis
1445 3512 1525 3567 reuil
1542 3513 1574 3568 iu

221 3624 287 3673 §.aa
300 3618 431 3669 meatem.
476 3611 653 3668 Coastaatiu’
670 3609 882 3683 praefationem
905 3609 1054 3666 duatusat
1073 3610 1144 3680 leui,
1173 3609 1296 3666 laudaui
1312 3612 1483 3683 scriptiouis
1505 3628 1574 3672 mo-

287 3713 426 3780 destiam,·
447 3728 536 3770 uuam
557 3715 651 3771 locam
667 3714 739 3783 leai,
761 3729 817 3770 aare
832 3712 962 3785 perleui,
987 3711 1017 3766 in
1034 3725 1090 3782 aaa
1107 3709 1219 3781 refellit
1232 3713 1310 3783 quad
1321 3712 1470 3772 Lttlleerus
1488 3718 1574 3773 scri-

283 3822 398 3887 pserat,
420 3831 499 3873 itam
519 3815 633 3873 mmmm
656 3814 759 3873 aonia
780 3814 927 3871 decretum
947 3828 1009 3870 esse
1026 3814 1142 3869 aairaas
1159 3830 1220 3870 esse
1238 3815 1427 3884 immmortales,
1452 3819 1477 3874 is
1497 3819 1575 3875 aiibi
1585 3839 1611 3886 aa

286 3933 342 3975 riou
365 3917 533 3991 displicuit:
555 3934 611 3976 aaa
634 3934 697 3975 sum
718 3923 777 3973 tam
798 3916 965 3988 itauadeus,
989 3919 1023 3971 ut
1036 3916 1230 3987 proauariem
1252 3915 1289 3973 de
1305 3915 1380 3974 libra
1401 3933 1488 3989 auem
1512 3937 1573 3978 noa

284 4021 479 4093 perimerem,-
509 4025 538 4077 el
564 4027 660 4078 tamea
687 4036 743 4076 uoti
763 4019 861 4075 statim
886 4016 994 4089 probat
1019 4014 1179 4073 [utiterum
1210 4018 1260 4074 rui
1280 4033 1336 4074 riou
1361 4021 1464 4091 placet
1495 4023 1575 4081 liber

219 4122 438 4182 §.maaeersus
457 4124 539 4180 illum
560 4124 698 4195 scriptus.
725 4120 899 4177 Ladoticam
919 4117 1030 4175 Berum
1050 4127 1079 4175 et
1096 4117 1256 4176 ereude‘dum
1277 4121 1404 4178 amicum
1425 4130 1457 4178 et
1474 4125 1573 4192 fidum

282 4232 440 4298 patronam
462 4224 553 4282 babai
568 4226 763 4297 priusquam
785 4223 815 4278 itt
837 4221 905 4278 orbe
928 4229 1013 4278 aolus
1032 4227 1107 4278 esset
1126 4220 1287 4287 Lulberas,·
1308 4229 1337 4278 et
1358 4221 1438 4279 baar
1459 4227 1573 4284 calea-

283 4330 342 4385 lum
357 4330 433 4385 iuter
451 4326 611 4398 felicitates
631 4340 711 4382 meas
733 4339 868 4382 numera:
890 4331 933 4379 est
951 4324 1027 4379 euim
1046 4324 1142 4380 inultis
1158 4324 1274 4379 ecitaiis
1295 4324 1459 4382 aomiaibus
1474 4342 1606 4399 pree-ss

282 4431 400 4503 crpitum
423 4430 509 4487 teritus
531 4428 611 4486 urbis
631 4432 848 4494 oruamentum,
881 4426 924 4481 sic
956 4431 1086 4481 assertor
1115 4441 1177 4481 sule
1208 4424 1373 4495 theolocus,
1407 4432 1440 4483 ut
1468 4433 1570 4487 tamea

285 4547 386 4603 aqueus
405 4534 442 4589 sil
462 4531 543 4589 bouis
562 4530 654 4587 literis
677 4528 826 4600 elutriatis
847 4527 954 4596 studia,
980 4528 1097 4583 minime
1117 4524 1252 4596 infensus
1273 4530 1392 4597 rzeaorio
1419 4535 1575 4604 eetairaelii

216 4636 281 4685 titt.
293 4634 481 4705 restituendi,
504 4633 619 4688 tametsi
637 4637 725 4687 tatum
738 4629 897 4687 Lulberum
919 4644 1103 4701 rteqaaquam
1121 4627 1275 4701 epirotae.
1310 4629 1421 4698 (ittodsi
1437 4631 1572 4692 Hatleua

283 4733 432 4795 decretum
453 4742 497 4794 est
514 4733 670 4805 liteliaaari
688 4731 819 4788 omuibus
840 4733 891 4802 aiei
904 4733 980 4788 atelle
994 4732 1122 4788 seutiuul
1141 4732 1178 4787 de
1196 4730 1340 4803 lectitare,
1362 4750 1457 4806 quare
1472 4741 1570 4796 solum

281 4833 360 4894 burte
379 4838 570 4912 persalsum,
593 4849 658 4893 arm
679 4833 728 4891 liic
744 4834 803 4890 siut
824 4829 991 4891 iriuumeri?
1019 4848 1187 4904 quatiquam
1209 4832 1309 4892 Beros
1327 4837 1352 4892 is
1370 4846 1414 4893 ast
1434 4840 1489 4909 qui
1511 4855 1606 4898 uera

347 5021 525 5090 'Expost.§.
543 5020 597 5071 tto.
644 5019 784 5086 ᾖΕιιροεὶ.
796 5020 821 5079 ξ.
837 5017 893 5069 137.
938 5016 960 5049 '⁰
979 5020 1089 5084 Expost.
1103 5021 1126 5079 5.
1143 5016 1198 5068 138.
1245 5018 1267 5049 ³³
1286 5020 1400 5085 Expost.
1414 5024 1438 5082 §-
1455 5023 1514 5075 139.
