3934 6034
315 681 389 752 264
460 694 645 745 cccxxxii.
664 710 766 745 cnaenr
781 711 843 746 nor.
858 709 895 745 an
908 712 1053 773 nocrqnen
1068 711 1192 747 srounnc
1207 709 1354 746 rnnrarro
1368 707 1456 746 nove.

262 883 308 934 §.tn
318 871 425 928 licuerit
448 871 517 926 tueri
541 879 658 926 veterem
681 870 753 926 illam
776 889 862 927 aream
886 874 911 927 iu
935 873 1123 947 respondendo
1146 872 1369 928 moderationem.
1404 868 1517 925 Etenim
1534 869 1558 924 si
1576 885 1618 924 me

319 958 452 1013 llutteuus
475 956 634 1029 repetisset,
659 956 730 1028 quod
754 956 874 1011 lecturus
890 966 961 1018 erat.
986 958 1096 1031 opinor,
1121 958 1142 1011 si
1159 957 1282 1018 vixisset,
1307 955 1347 1010 vel
1366 956 1430 1028 qnia
1447 954 1536 1010 semel
1554 970 1617 1027 per·

321 1043 448 1098 lricuerat
470 1059 515 1101 os,
538 1039 580 1095 vel
603 1041 664 1113 quia
687 1057 741 1095 uon
764 1049 841 1096 erant
862 1042 980 1098 deluturi
1004 1043 1049 1115 qui
1065 1041 1215 1115 plaustrum
1231 1041 1303 1113 quod
1319 1041 1396 1095 aiunt
1417 1038 1615 1113 percellerent.

263 1137 306 1188 §.o
319 1127 448 1182 sensisset
471 1143 557 1180 tueaun
580 1125 782 1198 responsionem
807 1144 868 1182 vere
891 1127 957 1181 nibil
980 1126 1049 1181 alind
1080 1127 1162 1181 luisse
1191 1143 1270 1198 quam
1299 1125 1455 1198 spongiam.
1505 1125 1543 1179 dc
1566 1141 1633 1198 per·

320 1229 361 1268 me
384 1211 490 1285 quidem
513 1210 623 1265 llutteni
638 1210 726 1264 Manes
749 1208 852 1282 placide
875 1212 1028 1283 quiescent.
1052 1211 1131 1266 modo
1153 1227 1186 1265 ne
1201 1211 1348 1283 posthumo
1364 1210 1498 1283 quopiam
1515 1208 1635 1264 libellos

320 1304 444 1352 mortuus
465 1295 546 1351 etiam
570 1294 704 1355 mordeat,
726 1302 772 1349 aut
795 1297 932 1350 exoriatur
953 1296 1050 1368 aliquis
1073 1296 1118 1367 qui
1142 1294 1298 1367 tragediam
1328 1294 1511 1366 redintegret.
1550 1292 1633 1356 llihi,

265 1381 426 1448 §.evidetur
448 1380 578 1435 hactenus
601 1378 662 1452 plns
684 1380 750 1433 satis
773 1380 926 1434 insanitum.
963 1381 1139 1452 Posteaquam
1162 1380 1233 1451 qnod
1258 1379 1358 1456 lactum
1375 1388 1418 1434 est
1435 1379 1463 1434 id
1479 1379 1614 1435 infectum

320 1466 378 1522 lteri
401 1482 454 1519 ιιοιι
478 1472 583 1537 potest,
608 1473 732 1536 superest
755 1473 784 1519 ut
808 1464 904 1520 rnalum
928 1465 1014 1537 quoad
1038 1464 1100 1520 licet
1122 1463 1277 1536 sepeliatur.
1327 1461 1360 1518 Et
1383 1464 1518 1537 quoniam
1540 1464 1615 1519 band

320 1551 389 1607 male
411 1548 558 1630 cpusuluut
580 1549 625 1621 qui
650 1558 758 1603 monent
790 1558 818 1604 ot
845 1567 875 1604 et
904 1547 979 1604 malis
1008 1549 1030 1603 si
1054 1549 1116 1622 qnid
1141 1549 1210 1603 inest
1238 1548 1300 1603 boni
1330 1549 1528 1622 decerpamus,
1559 1566 1613 1623 ego

322 1637 438 1711 primum
461 1651 492 1688 ex
515 1633 567 1689 lion
591 1633 760 1688 incommodo
784 1633 848 1688 illud
872 1650 1009 1707 excerpam
1032 1633 1180 1688 commodi:
1204 1650 1251 1688 ero
1274 1633 1389 1706 posthac
1412 1633 1440 1688 in
1456 1634 1648 1708 suscipiente

320 1721 362 1776 dis
384 1718 508 1775 amicitiis
530 1718 698 1778 contentior,
729 1718 897 1774 incolendis
920 1719 1036 1778 cautior,
1070 1719 1096 1773 in
1124 1718 1294 1791 praedicando
1323 1718 1447 1792 parcior,
1478 1719 1506 1773 in
1537 1736 1614 1774 com·

322 1804 471 1861 mendando
499 1803 727 1875 circunspectior:
761 1803 825 1875 quid
856 1803 925 1858 euim
953 1811 1024 1857 vetat
1052 1820 1092 1858 me
1126 1803 1197 1857 iuxta
1221 1802 1329 1871 Solonis
1362 1801 1473 1857 celebre
1506 1803 1614 1860 dictum

267 1889 444 1963 §.equotidie
467 1887 645 1942 addiscentem
668 1886 767 1959 aliquid
792 1891 949 1942 senescere?
981 1888 1067 1942 Porro
1096 1888 1218 1942 iuuentus
1246 1887 1308 1942 binc
1335 1886 1478 1942 admoneri
1507 1897 1614 1962 potest,

324 1984 353 2030 ut
376 1991 430 2028 uon
454 1973 541 2027 urirms
564 1972 641 2026 nom»
664 1973 745 2026 urenti
769 1972 890 2034 studeat,
915 1991 1003 2046 quam
1026 1973 1103 2027 bonis
1133 1971 1236 2032 literis,
1271 1980 1300 2026 ut
1329 1972 1497 2044 impotentes
1527 1974 1614 2029 animi

322 2058 484 2133 cupiditates
507 2057 618 2111 rationis
642 2058 718 2111 lreuo
741 2057 911 2117 moderetur:
940 2075 1000 2113 nam
1023 2056 1098 2112 multi
1122 2057 1178 2110 suis
1201 2056 1270 2111 vitiis
1294 2057 1409 2130 primum
1435 2056 1613 2113 blandientes
1626 2072 1650 2112 ta

322 2152 413 2200 scorta
435 2151 463 2197 ct
484 2142 695 2198 cotrressationes
717 2141 869 2197 condonant
894 2141 1094 2201 arlrilesceutire
1127 2140 1210 2195 aleam
1234 2159 1264 2195 ac
1291 2141 1482 2214 profusionem
1512 2151 1615 2216 putant

322 2247 383 2286 esse
410 2226 574 2287 nobilitatis;
604 2227 705 2281 interea
733 2226 863 2282 decrescit
893 2244 950 2286 res,
978 2227 1076 2281 crescit
1103 2244 1139 2280 aes
1169 2225 1300 2286 alienum,
1332 2225 1508 2299 periclitatur
1530 2228 1613 2289 lama.

323 2313 395 2389 perit
417 2313 492 2367 turm
514 2311 678 2385 principum,
709 2328 823 2383 querunt
846 2311 1012 2384 benignitate
1041 2310 1194 2373 alelrautur;
1224 2328 1283 2365 mos
1312 2319 1420 2382 egestas
1451 2312 1550 2367 invitat
1580 2313 1614 2368 ad

323 2398 457 2472 rapinam,
481 2416 510 2451 ac
532 2396 648 2469 prirmrm
670 2395 812 2450 latrocinio
836 2395 898 2450 belli
922 2394 1016 2450 titulus
1039 2396 1208 2469 piratarum,
1237 2394 1331 2449 deinde
1355 2394 1400 2449 ubi
1425 2394 1501 2451 lustri
1526 2396 1613 2453 veluti

323 2483 466 2539 llauaidnm
488 2480 562 2536 dolio
585 2480 651 2535 uilril
674 2479 786 2540 suflicit,
811 2481 914 2535 venitur
935 2480 966 2535 ad
991 2480 1094 2552 perdita
1116 2478 1242 2540 consilia,
1266 2488 1295 2533 ut
1319 2479 1370 2535 iam
1394 2479 1466 2535 inter
1492 2482 1650 2539 amicumao

324 2578 350 2622 et
375 2568 510 2621 inimicum
532 2563 635 2620 nullum
659 2565 694 2619 sit
716 2565 872 2627 discrimen,
897 2565 1005 2638 quoties
1021 2564 1139 2619 iulriatur
1153 2564 1264 2636 praedm
1288 2564 1393 2619 tandem
1410 2566 1520 2621 animus
1538 2566 1614 2623 velut

264 2667 411 2725 §.unques
438 2666 550 2706 excusso
579 2667 687 2705 sessore
716 2666 837 2722 praeceps
865 2650 951 2703 lectur
979 2650 1005 2703 iu
1033 2649 1151 2703 exitium.
1196 2647 1311 2703 Tmuetsi
1339 2648 1373 2702 de
1400 2648 1524 2706 Hutteno
1556 2670 1613 2708 non

324 2736 436 2811 perinde
458 2734 590 2795 admiror,
613 2734 690 2789 euius
713 2751 790 2806 qnam
814 2735 901 2788 ormria
926 2751 992 2806 pene
1014 2731 1125 2789 consilia
1148 2733 1247 2787 luerint
1263 2731 1432 2794 inconsulta,
1455 2735 1554 2790 notius
1570 2745 1614 2793 est

323 2838 403 2895 «param
426 2820 533 2880 vellem:
562 2818 589 2874 in
613 2818 654 2873 bis
676 2836 761 2891 cogor
782 2818 933 2874 desiderare
957 2818 1093 2878 iudicium,
1124 2818 1169 2890 qui
1192 2817 1325 2872 bominem
1355 2818 1386 2872 ad
1410 2820 1548 2891 agendam
1572 2822 1615 2877 in·

323 2923 414 2962 sanam
438 2903 551 2959 fabulam
575 2912 767 2977 protruserunt
789 2904 814 2959 iu
837 2903 1021 2976 proscenium,
1046 2905 1091 2975 qui
1115 2920 1184 2957 norm
1206 2902 1286 2957 etiarn
1307 2910 1360 2956 tam
1377 2903 1485 2959 insulso
1502 2915 1651 2979 specta-ao

323 2990 385 3047 culo
408 2988 586 3062 applaudunt:
616 2988 696 3043 rideri
720 2988 812 3043 volunt
835 2989 923 3042 lavere
945 2988 1023 3043 bouis
1045 2987 1145 3048 literis,
1176 3004 1253 3042 nemo
1276 2986 1431 3043 mortalium
1455 2989 1499 3043 lais
1523 2993 1615 3065 stragis

325 3075 433 3134 nocuit;
462 3073 580 3146 impense
604 3073 717 3128 studiosi
741 3080 804 3127 suut
825 3072 950 3133 lartlreri,
980 3090 1033 3127 nou
1062 3080 1187 3145 poterant
1216 3071 1296 3126 boios
1318 3089 1426 3128 cansam
1450 3076 1541 3147 magis
1566 3077 1615 3133 lae·

325 3162 404 3221 dere;
427 3157 550 3213 amabant
566 3158 724 3219 lluttenum,
748 3156 837 3212 nullus
860 3157 946 3213 bostis
968 3156 1029 3230 plus
1051 3155 1112 3211 nrali
1132 3157 1205 3212 dedit
1221 3155 1354 3218 llutteno;
1377 3157 1497 3213 oderunt
1514 3160 1614 3218 hostes

326 3243 451 3303 Lutberi,
474 3241 564 3297 nullus
586 3242 671 3298 adlmc
694 3242 747 3297 illis
773 3242 893 3297 exhibuit
915 3240 1095 3315 spectaculum
1119 3242 1271 3300 iucundius:
1294 3248 1358 3295 sunt
1380 3243 1528 3300 admodum
1546 3247 1614 3302 Ger·

256 3328 412 3391 ptumam,
442 3327 568 3382 trecentis
597 3328 672 3383 artois
695 3345 774 3383 neuro
796 3326 881 3399 magis
904 3327 994 3382 oll'ocit
1016 3325 1116 3381 uomiui
1139 3326 1304 3380 Germanico.
1348 3326 1441 3399 Neque
1469 3346 1537 3385 vero
1567 3348 1649 3390 urceo

327 3412 396 3469 lallit
419 3429 472 3484 quo
494 3412 622 3473 consilio,
646 3430 695 3486 per
718 3430 785 3485 epiros
809 3412 864 3467 baec
887 3420 929 3467 est
951 3418 1008 3466 acta
1032 3410 1134 3465 sabula:
1158 3427 1216 3465 sum
1239 3410 1346 3482 quidem
1369 3411 1486 3484 simplici
1511 3416 1614 3487 [irredi-

326 3506 371 3553 tus
395 3496 501 3567 ingenio
524 3496 686 3570 minimeque
709 3496 853 3570 suspicaci.
877 3496 924 3551 sed
947 3512 1000 3551 non
1024 3513 1108 3568 usque
1131 3495 1197 3549 adeo
1220 3494 1294 3549 rmllo
1318 3512 1383 3550 naso
1407 3514 1482 3558 suni.
1507 3516 1560 3555 nec
1584 3502 1612 3556 iu

256 3589 431 3645 §.ittantnm
455 3580 539 3652 stipes
562 3590 607 3635 aut
630 3582 743 3654 longus,
768 3591 798 3637 ut
819 3580 894 3637 solus
916 3597 970 3636 non
993 3580 1105 3635 sentiam
1129 3579 1201 3652 quod
1217 3580 1337 3660 sentiunt
1353 3597 1455 3635 omnes.
1499 3583 1613 3647 Verum,

325 3666 348 3721 si
371 3664 475 3725 licebit,
499 3663 627 3721 lracteuus
648 3667 803 3722 defunctum
827 3684 886 3721 esse
909 3683 997 3739 pugna
1021 3664 1194 3737 gladiatoria,
1217 3664 1297 3737 cupio
1321 3665 1425 3719 nescire
1450 3668 1525 3739 quod
1543 3670 1612 3731 scio,

324 3758 352 3805 et
375 3748 495 3803 oblivisci
518 3752 588 3822 quod
611 3751 732 3813 memini;
761 3752 807 3807 sed
829 3768 924 3807 vereor
946 3767 978 3805 ue
1002 3768 1050 3823 por
1073 3750 1201 3822 quosdam
1229 3748 1380 3803 huiusmodi
1410 3753 1612 3823 tragoediarum
1623 3771 1649 3811 aa

324 3833 436 3889 nimimu
459 3842 577 3889 ornantes
599 3853 652 3892 non
676 3837 769 3898 liceat,
793 3836 838 3909 qui
860 3853 919 3891 cum
943 3853 996 3890 nou
1020 3835 1146 3906 ignorent
1162 3850 1240 3906 quam
1255 3832 1369 3888 civiliter
1385 3836 1527 3893 tractarim
1543 3839 1614 3895 llut-

326 3927 419 3973 tenum
441 3917 467 3970 iu
484 3915 616 3990 Spongia,
638 3930 726 3977 lernen
750 3939 803 3976 ιιοιι
826 3922 907 3994 pudet
931 3920 998 3975 istos
1021 3920 1118 3974 iactare
1141 3935 1181 3972 me
1204 3926 1267 3990 post
1289 3918 1435 3973 extinctum
1457 3920 1613 3982 lluttenum

254 4016 315 4067 §.12
327 4000 443 4056 edidisse
470 3999 588 4058 libellum
618 4006 699 4062 veluti
726 4024 786 4062 enm
814 4005 895 4061 larris
922 4004 1093 4061 luctatorum.
1137 4002 1246 4057 llotteui
1269 4001 1487 4075 Expostulationi
1515 4010 1614 4067 statim

326 4084 455 4157 respondi
477 4084 503 4138 in
526 4103 617 4145 mense
640 4091 720 4146 lulio:
751 4091 815 4145 vidit
846 4108 951 4146 munitm
981 4107 1066 4145 meam
1088 4088 1200 4143 loannes
1223 4085 1385 4149 Frobenius,
1414 4106 1534 4163 euinque
1559 4094 1614 4152 lroc

325 4167 370 4222 olii
394 4167 699 4232 ¹¹0¹¹¹¹1¹l¹iteronsurus
722 4184 794 4237 erat,
819 4175 865 4230 sed
888 4192 936 4229 trec
959 4174 1039 4248 praela
1063 4182 1118 4227 tom
1141 4171 1281 4233 vocatum,
1313 4180 1340 4227 et
1363 4173 1427 4227 milri
1449 4178 1612 4235 consultius
1627 4197 1649 4236 to

324 4259 368 4305 est
391 4251 474 4307 visum
496 4253 613 4320 dill'erri,
647 4278 680 4316 ne
702 4270 764 4317 aitte
786 4260 918 4315 nundinas
940 4259 990 4314 alia
1013 4258 1135 4332 prodiret
1156 4256 1322 4318 criminatio,
1356 4257 1399 4313 cui
1428 4275 1483 4314 iton
1512 4260 1615 4321 liceret

323 4336 495 4407 respondere.
541 4339 594 4397 laur
617 4363 698 4418 quum
721 4353 829 4401 constet
851 4343 996 4399 llutteunm
1020 4344 1132 4417 periisse
1153 4341 1196 4396 die
1219 4359 1273 4414 quo
1301 4342 1401 4396 dictum
1430 4342 1457 4397 in
1489 4345 1616 4406 insulula

323 4419 450 4489 quadam,
475 4438 535 4493 quas
559 4424 704 4501 longeest
727 4447 806 4503 sopra
830 4428 1010 4499 Tlrrrregirrrrr,
1034 4446 1115 4500 ιμιιιιιι
1137 4433 1244 4482 constet
1266 4427 1409 4500 Spongiam
1433 4447 1448 4483 a
1470 4429 1616 4492 Frobenio

321 4500 355 4554 ad
379 4501 437 4556 ldus
460 4505 576 4577 Augusti
599 4524 728 4588 creptam,
753 4513 840 4575 tertio,
856 4511 899 4566 die
922 4512 1087 4586 Septembris
1110 4509 1276 4573 absolutam,
1302 4511 1350 4593 qui
1379 4511 1437 4566 beri
1460 4524 1559 4586 potest
1584 4530 1615 4576 ut

318 4612 521 4629 ᾖ

388 4679 575 4738 ³Plnustrum
600 4695 751 4756 perculisse
777 4692 878 4741 dicitur
897 4694 941 4755 qui
960 4710 1017 4743 rem
1037 4695 1156 4759 aliquam
1176 4694 1277 4741 evertit
1296 4710 1329 4742 nc
1348 4694 1533 4758 perturbavit.
1568 4701 1615 4753 Cf,

315 4760 411 4811 Plcut.
430 4764 510 4828 Epiri.
530 4771 579 4821 IV.
592 4775 652 4832 ‘2323
689 4782 789 4829 Donat.
810 4777 837 4823 iu
850 4776 912 4824 Ter.
927 4778 1050 4829 Eunucb.
1070 4779 1180 4836 11.3,sr.
1199 4778 1273 4825 Fest.
1293 4793 1317 4825 v.
1339 4779 1480 4828 Plaustrum
1496 4791 1616 4846 per-cna,

313 4840 463 4895 ⁸·⁸Pulsnt
482 4857 659 4910 conscientia
677 4862 757 4911 uiola.
806 4857 824 4890 ¹¹
846 4861 1242 4927 contantini]:cunctantior
1287 4860 1308 4893 ¹²
1326 4859 1427 4927 Solon]
1442 4863 1486 4913 cf.
1500 4865 1564 4918 Cic.
1579 4872 1617 4922 de

311 4929 499 4990 senect.8,tt.
548 4936 572 4970 ⁸⁸
591 4944 720 4995 redidisse
735 4947 792 4993 1.2.
846 4941 980 5007 stnttmlt?
1022 4947 1043 4977 ⁵⁰
1061 4949 1137 5014 prela
1151 4951 1176 4998 3.
1229 4944 1246 4975 ⁴¹
1261 4946 1395 4996 nundinas
1414 4948 1440 4995 3.
1495 4947 1517 4980 ⁴¹
1538 4953 1618 5005 ineu.

307 5007 385 5077 lulo]
405 5017 450 5063 ric.
497 5017 520 5050 ⁴⁸
538 5021 724 5093 Tburregium
744 5030 769 5077 3.
822 5023 1101 5093 ⁴⁸1d.dognst.edd.
1139 5030 1346 5096 Septembedd.

168 5225 385 5357 fl
