3934 6034
522 712 722 763 cccxxxul.
742 725 862 761 scorium
874 724 977 759 sunem
991 723 1134 759 nusuusrs
1147 722 1320 757 Accusamus
1334 721 1466 758 usurum.
1565 691 1638 762 319

353 895 481 945 atrocem
506 886 752 943 criminationem.
795 888 828 939 ot
853 883 904 954 pne·
928 884 1112 955 expostulat,
1139 882 1279 954 priuatim
1306 880 1432 952 requirit
1454 877 1585 949 officium
1609 881 1639 937 in

353 991 460 1060 arnico,
481 990 603 1062 cupiens
622 986 678 1043 sibi
697 986 768 1042 settis
788 986 871 1055 fieri:
895 985 1009 1041 bieme
1030 998 1086 1043 non
1102 985 1240 1041 monitnim
1254 980 1337 1055 apud
1351 980 1448 1038 orbem
1466 997 1550 1039 reum
1564 998 1639 1056 per·-

353 1094 432 1164 apit,·
453 1107 490 1148 nc
512 1097 625 1149 tantum
645 1088 731 1145 babet
747 1085 872 1158 frontis,
894 1096 926 1144 ut
943 1085 1088 1145 existimet
1110 1083 1174 1141 buc
1189 1083 1281 1142 scribi
1295 1099 1382 1157 posse
1405 1084 1544 1141 incolumi
1561 1085 1640 1141 anti-

352 1193 422 1249 cilia
441 1191 582 1264 pristinu.
626 1189 744 1248 Habeat
763 1188 819 1248 sibi
838 1205 908 1247 suas
929 1188 1074 1245 amicitias
1095 1192 1125 1245 et
1144 1187 1328 1244 inimicitias:
1349 1200 1403 1257 epo
1423 1202 1490 1243 cum
1512 1187 1566 1244 tali
1579 1188 1629 1243 in-
1641 1190 1708 1239 som.

332 1294 453 1365 opertio,
482 1294 570 1364 quote
591 1295 691 1365 urpuit
711 1292 776 1349 bac
797 1292 935 1364 epistole,
963 1289 1040 1348 nibil
1066 1287 1174 1346 babere
1196 1290 1258 1346 uolo
1282 1290 1458 1347 commercii.
1501 1286 1640 1362 Respon-

353 1394 457 1450 derom
479 1394 523 1449 ad
542 1397 644 1468 capita
665 1409 766 1452 rernm
788 1392 892 1465 quibus
913 1409 944 1450 se
963 1390 1095 1450 iactabat
1115 1389 1343 1448 euacerbotum:
1371 1405 1440 1448 nam
1463 1407 1500 1449 ea
1518 1393 1579 1449 suis
1599 1393 1640 1449 li-

352 1498 423 1553 teris
443 1495 486 1552 ad
506 1511 552 1553 me
575 1497 746 1570 descripsit:
773 1495 828 1552 sed
851 1496 968 1552 interim
996 1492 1063 1551 beec
1089 1495 1299 1567 expostulatio,
1326 1492 1375 1552 ln'c
1397 1510 1457 1567 per
1484 1496 1639 1551 multorum

352 1614 458 1656 manus
478 1604 603 1671 vapula,
620 1600 742 1673 perlata
764 1604 830 1656 erat
854 1594 1022 1668 Turepium.
1067 1595 1233 1654 docueram
1249 1596 1287 1653 de
1308 1598 1450 1667 colloquio
1470 1596 1629 1655 detrectato
1641 1602 1707 1652 §.³⁸⁴-

353 1718 414 1759 rem
437 1718 521 1760 secus
542 1701 651 1759 babere
673 1715 762 1773 qnam
784 1701 833 1756 ille
851 1700 1073 1773 suspicaretur,·
1102 1698 1139 1755 de
1160 1700 1282 1771 epistola
1301 1696 1474 1757 llocbstrati
1493 1700 1639 1773 petrocum

321 1805 391 1867 ude
406 1804 565 1878 Capriionis
582 1804 798 1861 insimulatione
813 1801 902 1859 doceo
922 1816 967 1859 me
987 1817 1025 1857 ne
1045 1802 1203 1858 somniasse
1223 1801 1341 1873 quidem
1361 1816 1508 1873 unquam·
1530 1802 1567 1860 de
1584 1819 1640 1859 ne-

351 1909 435 1979 pocio
450 1905 574 1964 Lutlieri
592 1904 680 1962 docui
699 1919 745 1961 me
766 1902 840 1962 nibil
857 1909 997 1974 mutasse,
1020 1919 1074 1961 nec
1095 1905 1126 1961 iu
1147 1904 1226 1961 illins
1240 1901 1375 1975 factione
1389 1902 1413 1973 f
1411 1907 1487 1962 uisse
1501 1920 1640 1978 monam,

353 2017 381 2067 et
398 2011 429 2066 in
446 2008 615 2079 ananeelico
636 2008 756 2078 nepocio
770 2004 962 2079 proueliendo
983 2012 1072 2063 totum
1092 2021 1171 2072 esse:
1190 2005 1263 2063 milri
1275 2006 1350 2064 nibil
1362 2006 1462 2065 adbuc
1475 2023 1538 2065 esse
1550 2009 1630 2065 scri—
1642 2013 1707 2063 §.teo

352 2085 434 2185 ptum
457 2111 600 2167 traversos
622 2110 718 2179 illum,
741 2114 769 2166 et
787 2109 815 2165 si
834 2108 907 2180 quid
926 2109 1093 2181 scripturus
1112 2123 1217 2180 essem,
1239 2123 1285 2165 me
1304 2110 1382 2165 citra
1403 2112 1565 2167 conuicium
1583 2126 1640 2167 ar-

352 2216 497 2286 pumentis
520 2229 557 2269 ac
578 2212 738 2283 scriptume
759 2227 857 2269 sacrte
877 2212 1046 2269 testimoniis
1066 2218 1217 2284 acturum,
1244 2217 1329 2268 tanta
1348 2211 1548 2270 moderatione
1569 2221 1640 2270 tan-

322 2324 442 2388 sstaqne
466 2314 617 2386 (equitate,
647 2318 679 2371 ul
700 2328 754 2371 nec
775 2314 837 2386 ipse
857 2311 1004 2370 Lullierus
1032 2312 1146 2385 offendi
1169 2320 1275 2387 posset.
1319 2313 1433 2372 osteudi
1460 2330 1549 2388 qnam
1575 2315 1709 2377 laesam.

354 2419 506 2477 consilinm
527 2421 601 2473 essct
618 2416 720 2473 inutile
739 2423 799 2473 tum
820 2417 987 2487 eatinpclico
1010 2418 1143 2488 nepocio,
1170 2425 1230 2474 tum
1249 2415 1419 2474 liberalibus
1439 2417 1558 2486 studiis,
1581 2424 1640 2475 tum

354 2522 448 2593 ipsios
468 2520 556 2575 etiam
578 2517 679 2589 rebus,
702 2524 734 2574 ut
753 2534 833 2576 nureo
852 2517 973 2589 liabent,
997 2517 1128 2577 Hutteni.
1173 2518 1248 2577 llice
1270 2521 1390 2593 aliaque
1411 2521 1503 2577 multu
1525 2528 1584 2578 tum
1599 2521 1642 2578 ud

354 2624 437 2679 illum
452 2621 568 2693 scripsi.
613 2619 826 2678 dissuadebam
842 2622 932 2679 amici
946 2621 1038 2694 docti,
1060 2638 1097 2680 ne
1117 2622 1205 2680 talem
1225 2622 1353 2680 libellum
1367 2624 1535 2695 eaulparet,·
1554 2630 1642 2695 atque

354 2726 417 2799 ipse
438 2726 525 2781 etiam
555 2722 819 2796 lipplieridorpins,
849 2730 880 2781 ut
907 2723 1045 2796 affirmat
1066 2726 1154 2782 etiam
1182 2741 1218 2783 oc
1240 2723 1357 2796 fatetur
1376 2723 1530 2783 Huttenus.
1575 2724 1708 2792 llissosi.

309 2826 487 2890 ·2oomnibus
505 2828 675 2899 contemptis
696 2828 844 2898 enulpoait
863 2826 992 2886 libatiam
1008 2829 1096 2885 nullis
1111 2828 1314 2885 iucundiorem
1330 2826 1468 2898 futurum
1490 2843 1579 2901 quam
1597 2827 1643 2886 bis

355 2932 407 3001 qui
424 2927 553 2986 Lutbero
570 2935 599 2985 et
620 2929 729 2999 linpnis
745 2935 773 2986 et
793 2930 874 2987 bonis
890 2932 983 2988 literis
999 2932 1128 3004 pessime
1151 2932 1264 3001 uolunt,
1292 2938 1321 2988 et
1341 2946 1412 3002 quos
1436 2931 1561 3005 pessime
1581 2930 1644 2988 odit

356 3031 514 3104 botlenus,
533 3032 560 3086 si
580 3048 649 3089 ciera
667 3032 826 3104 praelicat.
871 3048 960 3105 qsiam
981 3035 1058 3090 enim
1080 3034 1237 3090 insolenter
1255 3034 1380 3104 pestient
1403 3035 1449 3091 illi
1455 3029 1471 3091 ?
1497 3033 1571 3106 qnid
1591 3034 1642 3090 di-

355 3142 422 3192 cent
445 3135 521 3190 inter
536 3129 619 3191 sese?
643 3132 739 3191 ‘liubai
757 3133 902 3192 Erasmus
928 3149 1013 3192 sitnm
1042 3137 1123 3193 toties
1144 3136 1298 3192 laudatum
1315 3133 1489 3209 Huttenum,
1515 3135 1642 3208 fruatur

356 3234 415 3303 eo',·
433 3235 529 3295 ‘babet
549 3238 631 3293 illam
653 3237 735 3294 toties
754 3237 928 3295 adamatam
947 3239 1060 3310 inperiti
1080 3254 1198 3310 acriora,
1218 3237 1346 3308 fruatur
1367 3234 1447 3296 illd:
1476 3241 1641 3297 ‘emascula-

321 3364 347 3402 25
359 3344 415 3396 ‘tnr
430 3341 512 3397 illam
530 3339 665 3396 dictionis
684 3355 817 3397 uenerem
834 3342 914 3398 toties
926 3337 1145 3414 proedicatam'.
1189 3339 1250 3398 Nec
1264 3341 1372 3398 desunt
1386 3340 1461 3398 adeo
1477 3344 1528 3415 qui
1539 3357 1631 3415 pree-
1643 3360 1710 3411 §.oss

356 3443 454 3500 dicent
473 3441 632 3499 Huttennm
654 3442 692 3499 ab
714 3442 891 3501 lIocbstrnlo
917 3452 945 3503 et
965 3443 1158 3502 Ecmortdttno
1180 3451 1234 3500 aut
1259 3442 1364 3500 borum
1391 3443 1541 3501 sodalibus
1567 3460 1642 3503 con-

356 3545 475 3603 ductum
493 3543 559 3603 liceo
580 3546 611 3602 iu
633 3544 791 3603 Erasmum
812 3548 982 3622 scripsisse,
1011 3563 1049 3605 ac
1072 3546 1145 3604 milti
1166 3562 1239 3604 sane
1257 3548 1293 3616 fit
1312 3548 1477 3604 uerisimile.
1519 3546 1644 3605 locatur

357 3646 467 3705 alicubi
486 3649 558 3704 satis
573 3650 706 3721 opposite
719 3665 750 3707 sc
764 3648 942 3707 subodorari
952 3650 1094 3724 priedarn
1113 3664 1202 3722 quiem
1215 3648 1359 3722 pontifex
1374 3649 1526 3707 obiecerit:
1548 3644 1646 3707 *mibi

357 3752 452 3822 rrrctpis
477 3750 588 3808 subolet
610 3751 721 3824 proedo
746 3768 834 3824 quiam
861 3753 1030 3811 obiecerunt
1055 3751 1194 3811 monachi
1219 3768 1256 3810 ac
1283 3752 1417 3825 tlteolopi.
1461 3746 1541 3810 *ricc
1565 3755 1643 3810 enirn

324 3853 414 3914 solioc
435 3855 582 3926 inceptum
610 3870 713 3912 recens
732 3861 790 3926 est,
818 3862 897 3914 aetus
922 3862 966 3914 est
991 3858 1116 3927 uomica,
1144 3857 1212 3914 licet
1236 3870 1316 3913 nunc
1338 3856 1453 3913 demum
1471 3872 1529 3929 per
1550 3870 1642 3913 occa-

356 3958 464 4014 sionem
488 3973 546 4030 pus
572 3958 713 4031 eruperit.
758 3952 856 4017 *Ante
881 3961 1047 4032 complures
1078 3974 1191 4017 menses
1216 3960 1401 4032 scripserunt
1424 3961 1513 4017 amici
1534 3960 1711 4030 nesciossss,

357 4058 430 4131 qnid
451 4058 543 4116 libelli
567 4067 709 4132 paratum
738 4062 768 4118 io
795 4076 857 4128 rrie,·
884 4059 1099 4135 '²eupectabom
1124 4063 1428 4121 concertatiunculam
1451 4064 1582 4134 alipilum
1606 4061 1643 4121 de

357 4161 541 4233 clopmntibns
558 4162 698 4230 Lutlreri;
723 4179 803 4221 nunc
820 4164 903 4222 uideo
921 4163 1001 4223 leuno
1020 4164 1152 4222 libellum
1171 4164 1268 4237 fuisse
1288 4163 1362 4223 olibi
1382 4171 1498 4231 nedum,
1525 4165 1579 4221 sed
1596 4164 1644 4221 liic

357 4281 396 4320 oc
418 4264 612 4323 delationibus
633 4267 819 4338 quorundam
842 4268 919 4324 vetut
940 4268 1047 4326 assulis
1064 4270 1176 4341 partiris
1196 4274 1332 4326 auctum:
1354 4282 1424 4324 narn
1442 4273 1471 4325 et
1489 4269 1572 4324 stilus
1592 4269 1643 4325 in-

324 4368 485 4439 manitatis
502 4373 560 4439 est,
584 4375 611 4425 et
628 4385 665 4425 cn
683 4385 759 4442 pars
777 4370 957 4429 elaboratior
976 4378 1018 4429 est
1037 4386 1125 4444 priam
1147 4372 1265 4445 scripsit
1281 4387 1338 4444 per·
1354 4372 1458 4430 ocium.
1503 4364 1632 4428 *Utrum
1644 4389 1712 4438 §.sou

358 4476 455 4527 eisdem
477 4477 520 4527 est
538 4469 686 4529 ltonestius
711 4475 847 4547 accipere
864 4476 1024 4547 preamium
1046 4491 1065 4531 o
1090 4474 1209 4534 cesare
1231 4491 1268 4533 oc
1284 4477 1438 4548 parotides,
1464 4480 1496 4531 ut
1516 4474 1645 4547 disputes

358 4573 501 4629 (retrorsus
522 4572 699 4647 Lutbernm,
724 4592 763 4631 aa
781 4592 801 4633 n
821 4576 972 4634 morirrcbis
995 4579 1132 4651 trccrpere
1153 4577 1332 4649 mercedem,
1357 4583 1390 4635 nt
1409 4579 1548 4637 conuiciis
1570 4578 1643 4635 tali-

358 4674 410 4731 bus
430 4676 560 4732 incessas
576 4674 726 4736 tritticum?
747 4672 859 4737 *bicen
881 4681 972 4751 ipitnr
995 4679 1076 4736 nobis
1097 4678 1241 4739 Huttenus
1262 4680 1338 4738 bono
1356 4680 1419 4751 fide
1440 4696 1528 4754 picam
1550 4678 1643 4751 affirm

427 4817 447 4849 ¹⁹
465 4819 488 4876 ξ.
503 4812 571 4877 38η
587 4814 715 4862 Videmus
734 4814 875 4862 Erasmum
895 4814 1017 4863 codicem
1040 4829 1117 4863 sittim
1141 4830 1319 4880 expensorum
1339 4822 1568 4880 acceptorumque
1587 4814 1646 4864 luu-

358 4904 499 4952 elationum
518 4900 657 4950 imbuisse.
727 4898 749 4929 Ν
767 4900 832 4948 mihi
853 4898 891 4963 fit]
911 4901 986 4949 Adeo
1004 4899 1105 4949 studius
1124 4917 1177 4950 uon
1195 4918 1237 4960 os,
1260 4903 1381 4951 Erasmc.
1453 4898 1572 4965 locatur]
1586 4902 1646 4950 Non

359 5004 452 5037 omnes
471 4988 526 5035 ioci
546 4991 624 5035 critiri
636 4986 807 5049 suspiciones
819 4985 953 5048 §§.41.sq.
969 4985 1387 5052 145.153.1oo.263.sq.uxp0st.
1401 4988 1526 5052 prolatu.
1563 4987 1585 5017 Μ’
1597 4987 1646 5036 Di·

361 5071 601 5138 catig.]bcpidc!
671 5110 674 5119 .
