3934 6034
535 680 732 732 cccxxxln.
754 697 873 732 pronois
887 697 989 731 snssut
1003 697 1145 732 novunsvs
1159 698 1331 733 sst'snoisus
1346 698 1476 733 uvrssst.
1577 666 1618 736 31
1633 667 1644 735 l

364 856 456 913 aneilla
475 854 600 927 indipnu
623 865 710 928 atque
733 856 835 927 iniqua
866 855 1028 913 mussando
1060 861 1136 913 sunt.
1193 855 1296 914 tibiicit
1327 856 1526 914 incivilitatem
1552 863 1638 928 intuite
1651 858 1719 909 9³²⁰·

364 959 451 1015 etium
471 957 632 1030 perfidiam
653 973 727 1029 erpa
750 959 865 1016 tierricus.
898 959 1097 1016 incivilitatem
1118 958 1192 1031 quid
1212 959 1341 1031 appellet
1362 959 1475 1016 nescio:
1493 958 1649 1026 deducere,

364 1060 524 1132 reducere,
550 1075 657 1117 vocare
677 1068 705 1118 et
723 1061 800 1118 itare
821 1060 864 1117 ud
882 1062 1044 1119 corruioium
1066 1076 1103 1117 ac
1125 1059 1267 1117 similibus
1288 1059 1459 1132 iudparibus
1479 1058 1588 1131 officiis
1609 1062 1651 1117 uti

364 1178 439 1234 erpa
459 1164 574 1234 quosvis
596 1178 652 1220 nec
672 1169 715 1220 est
736 1162 824 1220 liuius
845 1163 1038 1233 uctletudinis,
1065 1179 1119 1221 nec
1138 1162 1263 1221 bominis
1284 1170 1324 1219 tot
1343 1161 1492 1220 laboribus
1514 1163 1647 1220 districti.

341 1275 535 1338 nonuunquam
556 1266 672 1322 interim
693 1280 747 1337 epo
769 1265 818 1322 ille
839 1266 965 1322 incivilis
984 1267 1055 1339 plus
1074 1281 1163 1338 picam
1181 1263 1334 1323 dimidium
1355 1266 1492 1337 temporis
1511 1264 1650 1337 impendo

362 1368 491 1440 epistulis
510 1366 613 1439 quibus
632 1366 808 1439 respondeo,
831 1366 934 1439 petibus
948 1369 1044 1425 saluto
1059 1375 1112 1425 aut
1124 1366 1294 1426 commendo
1310 1367 1427 1424 amicos.
1458 1367 1550 1425 alicui
1562 1364 1635 1437 sor·
1649 1373 1715 1422 sun

363 1476 440 1527 tasse
458 1471 624 1542 pernepnai
643 1469 820 1540 cornubiam,
843 1484 916 1526 mete
933 1471 1024 1527 seeluti
1042 1472 1216 1536 cousulens‚·
1236 1475 1270 1528 at
1281 1467 1458 1541 frequenter
1476 1468 1648 1541 obsequatus

361 1586 425 1627 sum
447 1587 556 1643 mopno
580 1570 757 1629 valetudinis
777 1586 850 1629 neele
870 1571 1036 1645 dispendio.
1082 1589 1175 1644 aeque
1195 1588 1267 1630 raro
1288 1572 1405 1645 ineptii,
1436 1571 1507 1628 dum
1533 1572 1647 1629 amico-

361 1688 428 1731 rum
449 1672 574 1744 affectui
592 1688 701 1731 morem
720 1689 807 1745 pero,
833 1676 917 1732 cuius
936 1674 1066 1749 obsequii
1081 1691 1127 1733 me
1140 1673 1316 1747 frequenter
1330 1674 1475 1748 poenituit.
1511 1673 1716 1747 proauussu.

329 1781 459 1833 tranitem
480 1776 588 1848 alipius
609 1777 738 1847 amicus,
760 1778 810 1833 cni
830 1778 965 1848 neporim
983 1778 1073 1847 fidele
1093 1779 1262 1847 consilium,
1285 1780 1335 1836 cui
1353 1777 1488 1850 neparim
1505 1772 1646 1846 tisficium,

360 1877 526 1951 siquando
547 1895 595 1936 res
616 1878 693 1936 serio
710 1879 888 1951 postulabat.
933 1880 996 1938 ‘sed
1018 1881 1157 1938 obtestata
1182 1881 1244 1951 fide
1264 1879 1385 1953 quidam
1407 1877 1501 1952 questi
1520 1883 1589 1934 sant
1610 1876 1647 1934 cic

360 1996 426 2039 nico
444 1978 600 2054 pertidiu':
627 1980 786 2054 perfidiam
808 1979 882 2039 nuta
902 1998 956 2039 nec
977 1984 1113 2040 inimicus
1141 1998 1270 2054 uinquam
1298 1981 1416 2047 obiecit,·
1444 1995 1499 2038 nec
1520 1978 1645 2037 dubitem

360 2099 459 2141 omnes
480 2084 589 2140 amicos
607 2098 787 2156 prouocare,
814 2091 846 2141 ut
871 2083 1033 2157 proferunt
1061 2084 1112 2142 ubi
1140 2100 1196 2142 non
1225 2083 1413 2157 prestiterim
1436 2081 1516 2155 quod
1535 2083 1643 2154 recepi,

360 2185 411 2243 ubi
430 2184 584 2242 mendacio
605 2185 705 2243 dolove
724 2183 902 2256 fefellerim,
930 2188 1014 2244 cuias
1035 2202 1180 2245 arcanum
1205 2185 1373 2258 effuderim.
1417 2184 1538 2242 Possum
1560 2184 1635 2241 illud
1646 2188 1714 2237 §.³2²-

328 2297 350 2337 ¹³
360 2287 434 2344 mibi
453 2302 515 2344 meo
536 2288 602 2344 iure
620 2303 748 2358 sumere,
777 2303 946 2362 perpaucos
967 2306 1030 2347 esse
1049 2291 1101 2362 pui
1120 2291 1180 2347 sint
1204 2289 1343 2346 amicitae
1370 2289 1534 2345 tataeiores
1554 2300 1644 2358 quum

358 2405 422 2462 epo.
462 2397 550 2461 atpue
573 2390 683 2446 utinam
702 2387 827 2460 fuissem
849 2398 908 2448 tnm
929 2393 958 2448 iu
981 2392 1177 2466 suscipiendis
1195 2392 1331 2449 amicitiis
1353 2392 1398 2447 uel
1415 2388 1496 2461 felin
1514 2389 1559 2446 uel
1577 2389 1643 2445 eir-

358 2497 557 2565 cumspectus,
582 2507 670 2564 auam
691 2507 755 2550 sum
776 2499 913 2551 constans
935 2496 964 2551 in
988 2496 1159 2553 retinendis.
1199 2493 1357 2566 Nunquam
1377 2493 1550 2550 simultatem
1571 2506 1629 2548 en·-
1644 2494 1711 2543 tou.

358 2596 444 2652 ercui
463 2610 529 2651 cum
549 2611 583 2651 eo
605 2609 690 2668 quem
712 2610 780 2653 uere
802 2602 830 2653 ct
851 2613 891 2653 eu
914 2597 1014 2654 tunimo
1034 2599 1122 2655 semet
1148 2598 1290 2667 timarim,
1322 2599 1473 2653 contentas
1498 2594 1643 2650 remisisse

355 2695 604 2769 sirrnitinritatem.
647 2705 737 2754 atrox
756 2699 904 2769 tlapitiam
930 2700 967 2756 sit
986 2708 1112 2773 oportet,
1142 2699 1222 2772 prend
1244 2699 1329 2772 arrad
1349 2713 1394 2754 me
1422 2696 1544 2754 dirimat
1564 2696 1642 2752 umi-

324 2802 475 2858 ²⁰citium:
506 2801 635 2873 exempli
654 2815 747 2858 caasa
774 2798 907 2871 referam
929 2817 1020 2859 unum
1040 2810 1128 2876 atque
1155 2804 1280 2860 alterum
1302 2815 1419 2859 cusum:
1450 2804 1520 2856 ante
1539 2798 1710 2856 ‹lanosi-³²⁵·

358 2904 471 2974 aliquot
493 2904 673 2975 scripseram
694 2904 846 2975 epistolam
869 2903 912 2961 ad
936 2904 1122 2962 cardinalem
1147 2903 1352 2976 Mupuntinum
1374 2908 1477 2960 contra
1499 2902 1643 2958 clamores

358 3004 555 3077 tbeotoporum
580 3002 805 3063 Louaniensium
824 3008 853 3063 in
875 3005 1055 3073 Lutberum,·
1085 3021 1151 3064 eam
1177 3007 1243 3064 misi
1267 3006 1367 3063 trinieu
1393 3003 1554 3062 obuolutum
1576 3016 1642 3060 curn

357 3108 549 3179 inscriptione
566 3106 608 3163 ud
624 3107 787 3178 nuendum,
808 3110 860 3180 pni
879 3110 954 3166 nulli
973 3110 1067 3166 notior
1090 3118 1133 3166 est
1154 3123 1242 3180 pretim
1261 3107 1401 3178 Halano,
1424 3106 1572 3163 mandans
1589 3104 1642 3173 illi,

359 3218 391 3267 ut
408 3211 436 3266 si
454 3209 602 3266 rideretur
623 3209 776 3281 redderet,
799 3212 844 3267 sin
866 3211 975 3280 miuus,
1004 3212 1049 3269 oet
1064 3211 1193 3282 flammis
1214 3211 1258 3269 uel
1272 3210 1358 3267 andis
1372 3208 1516 3267 aboleret:
1536 3206 1642 3264 euisti-

322 3321 347 3359 τὸ
358 3312 475 3369 mabam
496 3313 573 3369 enim
594 3313 691 3379 illum,
713 3314 765 3384 aiei
787 3314 894 3369 rireret
915 3314 944 3369 iu
964 3311 1087 3384 familia
1108 3312 1276 3371 cardinalis
1297 3318 1325 3369 et
1346 3312 1404 3380 att,
1425 3320 1457 3368 at
1470 3316 1529 3366 turn
1546 3315 1640 3380 putu-

357 3416 439 3484 bam,
470 3423 544 3472 esset
565 3430 584 3470 a
611 3416 755 3485 consiliis,
788 3415 891 3471 melias
912 3431 997 3472 nosse
1019 3432 1135 3473 sensum
1155 3416 1319 3489 principis:
1346 3413 1420 3487 antid
1436 3410 1552 3484 sortium
1576 3404 1640 3466 est?

357 3518 448 3575 redita
469 3524 513 3574 est
531 3518 652 3590 epistola
675 3519 852 3589 rriitputaque
872 3518 963 3590 lupis,
986 3533 1041 3574 nec
1057 3518 1177 3575 reddita
1194 3519 1240 3575 itti
1260 3516 1302 3573 ud
1323 3531 1407 3590 queem
1429 3521 1495 3574 erat
1516 3512 1637 3584 scripta.

357 3620 408 3676 En·
428 3619 486 3677 bac
507 3637 541 3678 re
563 3636 651 3692 putem
673 3629 701 3678 et
718 3619 873 3677 cardinali
889 3622 992 3692 pranis
1012 3620 1125 3677 inuidia
1142 3622 1324 3692 conflaretur
1344 3617 1429 3693 apud
1452 3616 1626 3675 Romarum-
1640 3620 1707 3668 §.aa

356 3739 416 3792 ses,
440 3728 469 3780 et
492 3720 565 3780 acilii
583 3723 668 3796 apud
694 3732 807 3780 nostros
834 3724 905 3794 (iam
934 3724 1012 3781 enim
1040 3723 1219 3797 triurnpburn
1241 3721 1446 3790 adornabunt,
1477 3718 1639 3791 ploriantes

322 3836 403 3882 :rome
424 3827 519 3883 teneri
538 3820 680 3905 medium)
703 3824 894 3897 blopuutinus
913 3831 1071 3885 commotus
1090 3828 1186 3899 eripit
1204 3826 1355 3899 epistolam
1376 3823 1419 3880 od
1441 3821 1640 3892 suscriptum,

357 3943 424 3999 pica
445 3929 504 3984 ium
527 3932 598 3984 totos
622 3937 681 3984 tres
702 3943 814 3985 menses
832 3944 891 4000 per
913 3930 1040 3986 omnium
1069 3945 1175 3986 maniis
1203 3927 1351 3986 uolitabat.
1390 3923 1507 3984 taudem
1529 3921 1640 3979 acriter

352 4030 504 4101 tlapitanti
516 4029 636 4087 reddita
651 4035 695 4087 est
707 4046 744 4087 eu
759 4045 847 4102 paura
861 4031 1015 4100 miseram,
1036 4034 1210 4090 semilacera
1225 4046 1262 4089 uc
1277 4026 1527 4103 tppoprapborum
1550 4032 1638 4080 ntru-

355 4138 449 4188 mento
471 4132 681 4189 contaminata.
727 4130 772 4188 liu
794 4149 854 4200 res,
889 4141 920 4190 ut
942 4132 1053 4204 debuit,
1086 4150 1167 4206 tepre
1194 4133 1296 4190 babuit
1318 4131 1499 4205 principem,
1532 4125 1623 4183 mibi-
1640 4134 1699 4182 §.³2⁷

355 4250 410 4305 acic
432 4233 659 4305 indipuabatur,
678 4236 834 4306 suspicans
855 4235 889 4292 id
908 4251 974 4293 meu
989 4237 1079 4310 culpa
1095 4233 1222 4307 suctum.
1256 4234 1331 4292 nibil
1349 4232 1397 4291 bic
1416 4230 1540 4304 astinpo.
1577 4229 1638 4300 ipsc

320 4351 345 4388 u,
355 4335 523 4392 cardinalis
539 4343 608 4409 post
629 4337 689 4393 sais
711 4336 807 4393 literis
828 4352 940 4395 mecum
962 4340 1159 4411 eapostularit
1177 4338 1237 4396 bue
1258 4338 1295 4395 de
1322 4353 1365 4394 re.
1413 4335 1493 4405 (luas
1512 4339 1626 4403 trapoe-
1639 4331 1706 4381 §³2ss-

355 4438 421 4496 dias
443 4439 600 4495 excitasset
614 4437 775 4512 Hactenus,
797 4438 911 4511 siquid
930 4441 993 4496 eius
1009 4442 1128 4513 pencris
1148 4441 1351 4499 commisissem
1374 4440 1402 4496 in
1425 4429 1542 4512 ipsam?
1565 4432 1637 4489 Pri-

354 4555 432 4597 mum
452 4540 575 4614 proditu
595 4548 638 4598 est
651 4542 728 4613 fides
750 4542 779 4597 iu
806 4541 956 4599 mundatis
979 4543 1085 4608 amici:
1112 4544 1211 4600 nocuit
1229 4558 1330 4601 coteste
1359 4542 1478 4612 uulpntu
1504 4537 1635 4609 epistota,

353 4659 420 4716 quiec
434 4651 545 4701 secreto
560 4645 636 4701 lecta
652 4643 794 4716 prodesse
805 4651 938 4718 poterat·
951 4652 979 4703 el
993 4646 1119 4702 nnncum
1134 4651 1163 4702 et
1173 4651 1332 4718 patronum
1348 4642 1552 4702 beaerneritum
1565 4652 1637 4710 pra·

354 4748 430 4803 tuerit
448 4746 577 4812 iruulta·
594 4753 741 4819 postremo
757 4747 830 4804 milri
844 4748 1011 4821 principem
1030 4754 1142 4804 tantam
1160 4764 1200 4804 eu
1217 4748 1312 4805 amico
1329 4745 1461 4804 reddidit
1477 4742 1635 4802 inimicum.

419 4948 437 4980 ¹¹
458 4950 556 5013 quoesti
577 4952 600 4997 t.
614 4965 669 5013 sqq.
722 4947 745 4979 ¹⁰
764 4948 880 5013 exosispli
899 4946 952 5013 ol?
972 4950 1063 5010 immo,
1084 4950 1240 4999 insectandi
1259 4964 1343 4999 eausa
1362 4964 1435 5015 saepc
1455 4944 1558 5012 repetis
1576 4958 1637 4991 isur-

353 5034 545 5084 rslinuculam.
598 5032 619 5064 ²³
639 5031 723 5099 quin]
743 5034 885 5085 Erasmico
903 5048 957 5085 non
975 5034 1046 5084 dicis
1066 5034 1215 5100 ‘adipsum
1233 5034 1402 5083 Huttenum'.
