3934 6034
336 700 409 771 462
453 711 619 764 cccxclv.
640 712 728 778 liveri
741 710 834 779 ieiunii]
853 728 890 763 sn
902 726 1064 764 seouoeiiin
1078 727 1135 762 ios.
1149 728 1232 762 enori
1247 725 1369 762 nvunanr
1384 725 1549 761 iiizsroiieio.
1568 718 1627 759 tata.

268 900 327 949 §.en
423 888 481 943 Non
504 885 624 942 recitabo
644 886 686 941 liic
709 884 942 941 confabulationes
960 885 1021 941 illas
1042 902 1102 941 eum
1125 886 1211 941 amieo
1235 883 1284 939 illo
1301 885 1407 939 Gotaiio
1436 902 1517 956 qiieni
1546 886 1627 943 nosti.

337 971 487 1028 cuiusmodi
515 970 551 1025 ibi
581 971 651 1025 risus
680 979 708 1025 et
733 970 879 1025 cachinnos
907 987 980 1042 saepe
1003 970 1119 1025 moveris
1139 970 1172 1023 de
1195 968 1273 1024 blissa
1294 968 1480 1041 Papistaivim,
1512 985 1627 1041 qnorum

337 1064 462 1111 ornatum
480 1055 595 1110 seaenico
619 1053 732 1108 similem
756 1052 877 1113 dicebas,
899 1053 932 1108 de
953 1053 1136 1125 Siillraganeis
1158 1053 1368 1126 Episcoporum,
1395 1054 1429 1106 ile
1452 1052 1626 1107 unctionibus

337 1141 458 1212 ipsoruni
477 1148 505 1193 et
522 1154 642 1197 amurca.
666 1147 696 1192 nt
719 1137 845 1198 vocabas,
868 1138 962 1212 Papa.
986 1138 1019 1192 de
1035 1136 1158 1209 reliquiis
1174 1136 1350 1197 Sanctorum,
1374 1154 1441 1208 quas
1464 1155 1526 1190 ossa
1550 1153 1626 1191 voea-

267 1223 384 1282 §.inbas
405 1239 465 1277 vere
487 1221 589 1294 reliqua
614 1239 667 1276 nou
691 1222 804 1283 sanctis,
834 1223 880 1277 sed
906 1222 931 1276 in
957 1220 1080 1295 patibulo
1102 1221 1205 1283 eorvis;
1238 1221 1302 1276 item
1322 1221 1355 1276 ile
1376 1220 1451 1275 lieris
1474 1221 1645 1280 eanonicus

335 1325 402 1380 quas
423 1307 450 1360 in
474 1305 575 1378 templo
598 1305 713 1360 eiulatus
731 1306 838 1361 dicebas
860 1323 919 1360 esse
941 1323 1037 1361 canuin
1060 1305 1087 1360 in
1108 1304 1233 1361 domibus
1255 1306 1464 1366 canonicorum,
1489 1322 1625 1360 murmura

335 1409 389 1446 nou
405 1408 499 1464 apum,
524 1390 569 1444 sed
592 1389 718 1445 inertium
734 1398 761 1445 et
784 1389 940 1462 ignavorum
964 1389 1103 1452 incorum:
1127 1390 1191 1446 itein
1214 1389 1246 1445 ile
1264 1389 1402 1462 Baptisnio
1422 1389 1624 1462 llaiiipanaeum,

335 1492 414 1547 quem
431 1474 572 1529 ridiculum
588 1491 670 1546 super
691 1474 779 1529 omnia
800 1472 978 1547 praedicabas,
1001 1481 1029 1529 et
1050 1474 1098 1529 lias
1113 1473 1281 1529 ceremonias
1297 1490 1390 1528 omnes
1407 1474 1503 1545 quovis
1519 1474 1624 1529 somnio

336 1576 396 1614 esse
418 1558 549 1613 vaniores.
594 1557 655 1613 llaec
675 1558 764 1613 omnia
785 1565 847 1612 autc
871 1558 1019 1613 Liitberiiin
1040 1567 1177 1620 esurium,
1198 1558 1229 1612 ail
1247 1558 1439 1613 defendendam
1461 1558 1565 1614 scilieet
1585 1558 1624 1612 di·

266 1643 466 1715 §aeginanem
488 1642 613 1697 borinum
635 1640 773 1709 Ecclesiae,
796 1642 918 1716 quotidie
940 1642 967 1696 iii
991 1658 1038 1697 ore
1060 1641 1186 1697 habebas.
1230 1649 1316 1698 testes
1335 1650 1399 1697 suut
1422 1651 1476 1698 tuae
1502 1643 1662 1716 quedaiuit

334 1726 476 1799 Epistola,
501 1725 623 1798 quedam
644 1724 786 1798 Colloquia
816 1735 844 1781 et
870 1725 1087 1787 lucubrationes,
1115 1744 1182 1800 quas
1211 1726 1234 1782 si
1256 1725 1374 1799 digitulo
1396 1726 1533 1789 innueris,
1562 1743 1625 1800 pro·

335 1811 406 1866 terre
431 1827 590 1883 possumus,
613 1827 673 1882 quae
694 1817 721 1865 et
741 1811 844 1865 civibus
859 1819 886 1866 et
903 1810 1028 1866 Ecclesiae
1047 1810 1126 1865 istliie
1141 1810 1222 1866 alium
1240 1811 1384 1866 ostendent
1398 1810 1525 1870 Crotum,
1545 1829 1623 1883 quain

334 1912 394 1950 eum
416 1912 496 1967 quem
520 1894 593 1949 vuiiu
617 1893 741 1955 simulas,
763 1894 845 1949 alium
861 1894 1021 1950 l'eiiatorein
1044 1912 1124 1968 quiuu
1149 1892 1224 1950 illuni
1247 1895 1294 1966 qui
1316 1911 1386 1949 nune
1407 1894 1567 1968 praebendas
1583 1912 1623 1948 ie·

334 1986 414 2034 natur
435 1986 462 2034 ct
485 1978 600 2034 salinas:
631 1977 698 2039 illae,
728 1979 750 2033 si
774 1979 809 2033 ita
831 1995 874 2034 res
895 1977 1107 2051 postulaverint,
1135 1979 1245 2034 Crotum
1268 1978 1347 2051 plaiae
1369 1979 1508 2051 aperient,
1538 1996 1623 2051 neque

335 2063 425 2118 sinent
447 2062 533 2118 latere
556 2063 693 2135 ingenium
716 2063 885 2135 virtutesque
915 2070 990 2123 tuas,
1015 2080 1102 2136 neque
1124 2064 1263 2136 patientur
1286 2078 1438 2135 quenquam
1458 2063 1492 2117 de
1513 2063 1653 2117 liomineis

265 2147 524 2209 §.encaniliilissimo
547 2164 639 2202 errare
661 2147 784 2220 amplius.
829 2147 926 2202 lteiinlc
948 2164 1009 2202 eum
1031 2148 1166 2203 liutlierns
1188 2148 1239 2202 iain
1262 2146 1334 2202 serio
1362 2145 1463 2201 bellum
1494 2147 1621 2201 indiceret

333 2232 450 2305 Papistis
473 2240 501 2286 et
526 2233 558 2286 ad
580 2232 789 2287 Wurmatieusia
810 2232 860 2287 iret
880 2232 1008 2292 Comitia,
1039 2240 1069 2286 iit
1091 2232 1201 2287 sisteret
1223 2249 1252 2286 se
1273 2229 1370 2286 Carulo
1392 2230 1421 2283 V.
1445 2230 1621 2285 invictissimo

333 2324 359 2370 et
378 2315 588 2371 clementissimo
612 2315 784 2389 linquentem,
808 2324 835 2371 tu
852 2315 992 2371 Erllnrdioe
1015 2316 1119 2372 obviam
1138 2316 1236 2371 diceris
1253 2316 1279 2369 iu
1298 2332 1369 2388 equo
1385 2323 1478 2370 vectus
1493 2314 1620 2373 Lutliero,

333 2399 608 2456 lionorilicentissinie
630 2408 658 2454 et
681 2400 891 2462 officiosissime,
915 2417 990 2455 more
1011 2401 1157 2461 maiorum,
1179 2400 1321 2455 alieuiitem
1344 2400 1425 2455 ctiam
1448 2399 1555 2472 aliquot
1569 2408 1622 2454 sta·

264 2486 384 2540 §.tt-diis
403 2485 547 2541 comitatus
572 2503 615 2545 cs,
638 2485 764 2540 liortatns
787 2485 872 2540 virum
894 2485 925 2539 ail
941 2486 1130 2541 constantiani.
1166 2485 1204 2539 lbi
1221 2485 1351 2557 primum,
1374 2484 1467 2539 nescio
1483 2501 1563 2556 quam
1578 2496 1651 2538 iss-ei

332 2578 443 2643 pectens
463 2569 595 2642 praedam,
620 2568 744 2642 sparsisti
769 2569 857 2624 varios
881 2570 1003 2624 occultus
1027 2569 1126 2630 libros,
1155 2569 1191 2624 ibi
1220 2569 1344 2624 mittebas
1368 2567 1517 2640 Epistulas,
1549 2568 1619 2623 etsi

332 2670 424 2709 verum
439 2654 517 2708 lateri
534 2653 581 2712 vis.
605 2653 632 2707 in
654 2653 705 2708 lioe
727 2670 787 2709 eras
810 2661 898 2714 totus,
923 2661 952 2707 iit
976 2672 1055 2726 quani
1078 2653 1207 2708 latissime
1227 2661 1403 2727 spargeretur
1424 2651 1550 2707 doctriua
1570 2651 1619 2705 lai-

332 2738 418 2799 tbcri;
446 2735 550 2791 nullum
580 2746 643 2794 time
664 2737 811 2794 Lutliei·ani
835 2738 1002 2793 veredarium
1021 2737 1154 2793 habebant
1176 2736 1315 2792 meliorem
1339 2754 1418 2809 quam
1440 2737 1565 2796 Crotum,
1592 2743 1619 2790 et

332 2838 484 2894 quanquam
500 2821 557 2876 liaeo
577 2821 664 2876 omiiia
687 2837 741 2876 non
761 2822 821 2877 ideo
845 2821 968 2880 faciebas.
992 2823 1064 2894 quod
1087 2822 1160 2877 serio
1182 2829 1208 2875 tc
1230 2820 1369 2876 allicerent
1384 2836 1424 2880 ea,
1444 2836 1506 2892 quae
1522 2818 1619 2874 Lutbe·

332 2922 379 2961 rus
403 2922 471 2979 pure
492 2913 520 2960 et
539 2906 582 2978 pie
610 2905 644 2961 de
672 2904 804 2977 religione
834 2905 926 2965 docet,
958 2906 1073 2961 iacielias
1095 2914 1195 2965 tamen,
1226 2913 1254 2959 et
1273 2904 1383 2959 omnino
1406 2904 1648 2958 liutberanarnmea

263 2996 359 3045 §.atei
381 3006 440 3045 csse
464 2997 491 3044 et
513 2989 606 3044 liabcri
625 2988 733 3045 volebas
755 2988 880 3061 partium.
926 2988 958 3044 Et
981 3006 1068 3062 nuper
1089 3005 1212 3062 quoqne.
1234 3006 1295 3044 cuni
1317 2989 1344 3043 iii
1364 2987 1494 3042 Sarmatis
1515 3005 1616 3060 ageres,

332 3075 411 3129 audio
435 3082 460 3130 te
482 3080 593 3127 eatenus
616 3080 783 3128 constantem
808 3072 953 3134 mansisse,
977 3080 1140 3128 assertorem
1165 3072 1376 3133 Liitlieranismi,
1406 3072 1479 3145 quod
1509 3079 1617 3127 unctum

332 3157 504 3213 Sacerdotem
534 3165 559 3212 te
588 3174 647 3212 esse
673 3158 827 3228 negaveris,
857 3165 884 3211 et
913 3174 973 3212 cnm
1001 3174 1102 3213 corona
1132 3163 1178 3212 ant
1206 3174 1267 3211 rasa
1298 3157 1396 3212 vertice
1419 3173 1558 3229 uunquam
1580 3158 1618 3210 iu·

331 3241 454 3296 cesseris.

262 3336 321 3386 §.aa
417 3324 479 3380 llmc
494 3341 564 3380 nunc
582 3325 683 3385 oiimia,
708 3332 734 3379 ct
758 3324 859 3379 inlinita
882 3324 947 3384 alia.
972 3326 1005 3379 de
1024 3333 1050 3379 te
1074 3325 1153 3381 istliic
1177 3325 1203 3380 in
1226 3324 1286 3380 aula
1306 3325 1442 3397 ignorari,
1467 3331 1494 3379 et
1511 3323 1555 3378 illa
1573 3332 1649 3379 tuaac

331 3409 464 3481 Apologia
484 3407 557 3463 brevi
581 3416 634 3463 tam
657 3407 734 3464 facile
757 3425 789 3463 ex
812 3408 930 3463 omnium
953 3409 1049 3463 animis
1071 3408 1155 3463 deleri
1179 3410 1314 3483 potuisse,
1344 3417 1374 3463 ut
1396 3425 1474 3463 nenio
1498 3408 1549 3462 iam
1575 3425 1617 3461 sii·

331 3493 452 3566 spicetur
471 3499 496 3546 te
519 3510 579 3547 enni
599 3509 659 3548 esse
674 3494 783 3548 tlrotuni
808 3493 853 3564 qiii
876 3510 983 3566 semper
1005 3493 1095 3554 luisti,
1119 3494 1164 3566 qui
1187 3503 1265 3548 natus
1280 3510 1322 3552 es.
1347 3493 1393 3565 qui
1410 3492 1497 3548 factus
1513 3500 1540 3547 et
1556 3492 1617 3546 edu·

330 3585 406 3632 catus
429 3595 471 3638 es,
495 3577 541 3648 qni
563 3576 657 3648 refingi
681 3576 754 3631 nulla
777 3586 835 3631 arte
857 3586 953 3649 potes,
986 3578 1023 3631 nil
1047 3578 1143 3632 rivirum
1167 3578 1189 3631 si
1212 3578 1263 3631 lioe
1283 3576 1444 3631 mirabiliter
1467 3584 1493 3631 te
1517 3575 1617 3636 titillat,

262 3667 319 3718 §.tt
330 3661 352 3715 si
379 3660 528 3716 incredibili
560 3660 642 3715 afficit
671 3660 824 3733 voluptate:
860 3678 919 3716 nain
947 3662 1067 3734 quamvis
1094 3661 1132 3716 illi
1162 3661 1239 3716 liberi
1269 3669 1297 3715 et
1325 3661 1411 3733 aperti
1442 3660 1528 3720 risus,
1558 3677 1617 3715 cuin

327 3746 403 3800 loeus
423 3754 451 3799 et
476 3752 581 3818 tenipus
602 3745 705 3804 lerunt,
735 3763 794 3801 cuin
820 3744 865 3800 ille
893 3754 994 3806 nictus,
1026 3744 1071 3799 illa
1094 3746 1228 3801 minitatio
1252 3745 1329 3800 abest
1352 3744 1438 3799 baculi
1462 3744 1646 3817 pastoralisn

327 3827 488 3884 mirabiliter
508 3837 533 3882 te
556 3845 652 3900 capere
674 3829 795 3887 soleant.
817 3838 904 3885 tamen
927 3828 1098 3885 anaemaris.
1122 3837 1174 3885 tine.
1197 3830 1314 3884 risiuiies
1336 3828 1418 3901 longe
1440 3828 1489 3883 tilii
1513 3830 1618 3883 suavio-

328 3931 372 3969 res
395 3921 471 3972 suiit,
501 3912 565 3968 dnm
593 3912 660 3965 loris
688 3930 739 3985 pro
770 3930 844 3968 inore
871 3914 896 3968 in
921 3921 993 3970 cietii
1012 3914 1173 3970 clericorum
1193 3913 1278 3968 ‘Salve
1302 3913 1395 3986 regina
1413 3909 1472 3969 dae!
1491 3913 1568 3967 ranis
1592 3912 1616 3965 in

329 3998 444 4072 templo.
467 4005 493 4053 ct
517 3996 636 4069 praelatis
655 3996 772 4058 vexillis,
794 4015 874 4053 cruce
894 4016 924 4054 ae
946 3999 1102 4071 aspersorio
1122 3997 1275 4070 ¹ingrederis
1299 3998 1443 4071 templum,
1476 3996 1550 4052 intus
1573 4014 1617 4052 au·

329 4090 381 4136 tcui
406 4083 431 4136 iii
446 4081 535 4137 eorde
560 4090 635 4137 tumn
660 4081 708 4135 tilii
734 4083 866 4137 {lienteum
890 4083 994 4155 pingis,
1025 4091 1051 4137 et
1073 4084 1171 4155 l’npam
1194 4081 1273 4137 simul
1294 4090 1321 4137 et
1341 4080 1506 4155 pontificalia
1529 4081 1615 4136 omnia

258 4166 408 4224 §.uirides
441 4168 492 4221 sen
514 4166 664 4222 iniinlinluin
688 4185 738 4238 pre
759 4168 875 4222 candore
898 4168 1037 4227 amiicitiae,
1061 4177 1086 4222 et
1112 4176 1241 4241 quantum
1265 4184 1336 4223 nnnc
1359 4185 1428 4240 opus
1447 4173 1503 4227 est,
1527 4165 1645 4222 conia-io

326 4249 410 4305 linlati
428 4269 520 4306 sumus
539 4253 617 4312 satis,
644 4260 746 4306 tantum
770 4270 879 4312 recreor,
903 4261 930 4306 ill
954 4262 1020 4307 satis
1041 4261 1066 4307 te
1089 4252 1231 4307 olisiianaic
1254 4252 1344 4325 possis
1366 4252 1397 4308 ad
1422 4251 1554 4307 tenendos
1575 4268 1616 4305 ca·

394 4518 401 4549 ¹
427 4521 518 4568 emico
543 4515 615 4582 noe]
647 4519 774 4568 t'oiiravlo
804 4519 929 4568 Miitiiuio
960 4520 1039 4567 liufo.
1111 4519 1239 4572 tlotliniio
1258 4522 1318 4567 Η.
1389 4514 1400 4549 ²
1424 4519 1613 4582 quariim1.2.

326 4602 346 4636 ¹³
365 4602 474 4669 Venat]
494 4607 654 4653 venatorem
670 4606 692 4654 i.
719 4604 911 4651 Gnrniitnicuiii
936 4603 1012 4652 (liciti
1037 4619 1134 4652 nuinen
1158 4605 1211 4653 iiiii
1233 4604 1328 4667 dia’per.
1416 4602 1572 4665 prebendas
1591 4605 1613 4649 i.

325 4689 345 4719 ¹⁷
365 4687 584 4738 l'iiorniatienlin
605 4692 628 4739 i.
648 4689 867 4738 ll'orinnciensiii
887 4692 910 4737 2.
921 4691 945 4736 3.
1001 4686 1021 4718 ¹⁸
1040 4684 1151 4751 diceris]
1172 4688 1217 4735 Sic
1236 4689 1358 4747 ltleuins,
1379 4701 1432 4734 non
1446 4685 1528 4733 Ioniis
1542 4686 1612 4750 loqui

324 4773 424 4837 potnit:
450 4773 495 4821 liic
515 4773 542 4821 ivi
562 4774 622 4837 ipse
640 4774 768 4822 Erforilie.
787 4778 843 4822 tnui
862 4774 1020 4831 linliitebnt,
1045 4773 1154 4820 bleiiins
1173 4771 1281 4834 longius
1300 4772 1379 4819 iilriit.
1416 4770 1471 4818 Res
1491 4771 1553 4834 ipse
1571 4769 1614 4819 vel

324 4874 357 4905 cx
375 4858 482 4905 Eobuni
497 4858 579 4906 llcssi
598 4859 731 4921 prioritatis
745 4860 812 4907 saitis
825 4864 890 4906 note
904 4864 953 4906 est.
991 4857 1034 4905 Cf.
1050 4857 1159 4919 laliitjd'e,
1180 4856 1289 4905 ΙΛιτΙιενε
1307 4855 1612 4920 treisepesetiictae.1,pz.

325 4939 397 4989 initii.
411 4942 446 4989 -l⁰.
460 4958 486 5005 p.
500 4940 541 4990 88.
556 4957 614 5005 sqq.
654 4940 739 5006 ²‘''pie
759 4959 791 4992 nc
811 4958 876 5008 piirc
896 4947 955 4991 2.3.
1004 4939 1170 4990 ³³iiiiniruni
1191 4943 1248 4988 Ῑ.2.
1285 4938 1306 4971 ³⁴
1326 4946 1353 4989 te
1373 4940 1419 4989 all'.
1441 4942 1467 4988 3.
1508 4939 1613 5006 ³⁹pou·

322 5024 452 5075 tilicialin
470 5029 530 5075 2.3,
584 5024 604 5056 ⁴¹
624 5027 690 5075 faiis
711 5029 736 5076 3.
752 5044 804 5092 per
821 5044 944 5078 errorem.
