3934 6034
349 680 526 730 ADDENDA
544 681 593 729 Al)
614 680 695 729 VOL.
711 679 732 728 Ι.
763 674 935 727 brixium.
948 692 1092 726 arisrocia
1105 691 1141 725 ao
1155 690 1248 725 roacn.
1264 690 1298 724 oar
1312 690 1433 725 uacans.
1448 689 1473 725 a.
1490 682 1551 723 tato.
1573 657 1640 727 481

350 853 462 910 baberet
478 864 505 910 et
524 854 629 910 felicem
645 854 746 909 exitum
768 859 969 925 assequeretur.
1014 851 1087 906 Unde
1112 850 1159 905 tibi
1177 868 1230 905 non
1246 867 1341 924 parum
1357 850 1499 912 debemus,
1516 859 1542 905 at
1558 849 1645 906 molto

352 936 411 1012 plus
433 939 522 995 adbuc
546 938 646 994 debere
677 938 836 999 latebimur,
868 955 927 992 com
956 937 995 998 id,
1027 936 1098 1009 (quod
1127 934 1269 1002 molimur,
1299 953 1350 1009 pro
1381 944 1445 990 roto
1473 936 1643 996 successerit,

352 1023 423 1096 quod
450 1023 473 1078 si
497 1023 619 1084 eveniat.
650 1022 787 1095 intelliges
818 1040 897 1095 quam
924 1022 993 1077 bene
1020 1020 1196 1076 collocaveris
1225 1038 1334 1093 operam
1362 1021 1535 1092 studiumque
1558 1028 1642 1075 tuum.

350 1106 458 1166 luterim
482 1108 551 1164 bene
574 1107 631 1164 vale
654 1117 681 1162 et
701 1125 756 1162 rem
776 1117 913 1169 nostram,
935 1107 974 1161 uti
995 1105 1116 1179 cupisti,
1139 1105 1264 1160 omnibus
1282 1105 1372 1159 nervis
1391 1122 1515 1178 procura.
1557 1104 1645 1159 Caris·

331 1191 416 1247 ssime
439 1192 586 1254 loacbime,
615 1193 684 1247 Deus
712 1194 831 1266 optimus
859 1194 990 1247 maximus
1015 1198 1042 1246 te
1071 1208 1100 1245 ac
1119 1207 1163 1245 res
1182 1198 1241 1244 tuas
1265 1206 1358 1244 omnes
1382 1189 1409 1243 iu
1432 1207 1507 1244 suam
1532 1188 1643 1245 tutelam

351 1274 412 1331 velit
433 1294 581 1333 assumere.
626 1278 719 1332 Datum
742 1278 811 1351 apud
829 1277 955 1333 Sanctum
975 1276 1136 1331 Germanum
1160 1275 1186 1329 in
1208 1275 1293 1347 Lapa,
1317 1274 1360 1329 die
1384 1274 1507 1329 vicesima
1529 1274 1643 1347 septima

349 1361 448 1418 mensis
468 1361 565 1418 Martii.
909 1362 1094 1435 Francoys.

1419 1443 1556 1499 llobertet.

635 1531 821 1600 [Inscriptiosl
860 1531 1006 1586 Carissimo
1028 1537 1125 1585 nostro

826 1616 961 1673 loacbimo
981 1616 1014 1671 de
1037 1613 1163 1669 lloltzan.

322 1830 342 1870 ¹⁰
369 1844 390 1877 s.
404 1844 539 1880 canuam.
845 1834 872 1892 6,
899 1831 1007 1912 [Liscp
1025 1853 1052 1889 rt.
1071 1828 1143 1910 199]
1359 1838 1393 1876 at.
1408 1827 1641 1907 πῃπῇ-[Εἰμὶ]-

351 1898 557 1911 -—-

813 1983 991 2063 [abtodtvs
1013 1985 1053 2041 DE
1075 1986 1184 2040 PlthO

764 2084 947 2134 Iodcfflmo
966 2086 1016 2134 DE
1036 2080 1230 2146 lllOL'l'ZdN.]

435 2204 571 2263 Generose
595 2207 634 2261 vir
651 2207 793 2264 loacbime.
832 2206 1018 2263 Incredibilem
1044 2205 1124 2260 micbi
1146 2205 1468 2279 leticiamgaudiumque
1491 2205 1642 2262 attulerunt

350 2287 448 2346 litterae
469 2299 533 2353 tuae,
557 2309 588 2347 cx
605 2292 716 2366 quibus,
741 2300 871 2365 qamntum
888 2292 1007 2347 studium
1025 2290 1248 2364 diligentiamque
1264 2309 1314 2364 pro
1330 2309 1410 2346 causa
1426 2291 1641 2347 christianissimi

322 2379 342 2420 ¹⁵
353 2374 425 2447 regis
448 2377 626 2448 promerenda
649 2377 766 2432 libenter
786 2377 963 2451 impenderis,
994 2375 1066 2432 clare
1093 2376 1287 2449 perspeximus.
1331 2375 1478 2431 llortamor
1502 2386 1591 2432 autern
1615 2387 1642 2431 et

351 2476 490 2515 monemus
511 2469 537 2516 tc
557 2462 741 2522 veliementer,
766 2470 794 2516 ut
819 2463 841 2517 ci
867 2462 918 2522 rei,
941 2480 1019 2533 quam
1043 2461 1121 2516 simul
1144 2461 1195 2515 diis
1219 2460 1286 2516 bene
1310 2460 1461 2515 laventibus
1482 2462 1641 2535 incepimus,

351 2550 403 2599 tam
426 2545 584 2618 diligentem
606 2561 715 2620 operam
739 2547 880 2607 adbibeas,
910 2556 939 2601 ut
965 2564 1044 2601 cirros
1073 2546 1215 2617 studiaque
1240 2555 1284 2600 tna
1306 2562 1360 2600 uon
1388 2546 1524 2608 remittas,
1553 2546 1641 2619 quoad

350 2645 405 2683 rem
426 2636 510 2684 totam
530 2631 561 2685 ad
580 2630 671 2686 laetum
690 2632 790 2686 exitum
820 2632 991 2704 perduxeris,
1017 2632 1052 2685 ita
1075 2631 1144 2685 enim
1170 2631 1344 2685 iustissimam
1364 2631 1514 2685 mercedem
1535 2630 1596 2686 fidei
1615 2640 1642 2685 et

350 2711 472 2768 laborum
489 2723 598 2771 tuorum
615 2714 772 2788 plenissime
787 2716 979 2788 consequeris:
997 2734 1076 2788 quam
1092 2716 1160 2770 idem
1177 2715 1419 2770 clmistianissimus
1435 2733 1481 2770 rex
1498 2715 1545 2769 tibi
1562 2715 1641 2771 uber·

318 2797 443 2854 ²⁰rimam
463 2799 601 2855 ensidrere
622 2800 798 2855 confirmavit.
842 2800 978 2856 Generose
1001 2802 1040 2855 eir
1061 2800 1206 2862 loacliimc,
1238 2800 1318 2854 lleum
1345 2799 1477 2872 epitimam
1499 2801 1641 2855 rnammum

348 2898 459 2954 precor,
485 2883 549 2939 velit
572 2892 598 2940 tc
621 2902 719 2958 resque
742 2895 802 2940 tuas
826 2902 919 2941 oirincs
943 2886 969 2940 iu
993 2903 1067 2940 suam
1088 2884 1198 2940 tutelam
1220 2901 1365 2939 assumere.
1411 2883 1446 2939 Er
1462 2885 1560 2941 Sancto
1577 2885 1642 2941 Ger-

349 2983 425 3023 mano
448 2966 476 3023 in
499 2969 583 3042 Lapa,
608 2970 652 3025 die
675 2970 801 3026 vicesimo
824 2970 940 3044 septimo
967 2971 1067 3026 nieirsis
1090 2970 1185 3023 llactii.

1147 3053 1279 3108 lutbimus
1300 3053 1430 3109 scateret
1453 3055 1554 3111 auricus

1267 3138 1296 3192 ll.
1313 3138 1437 3211 lleprato.

319 3226 341 3265 ²⁵
433 3218 580 3284 loachime,
610 3240 693 3278 unum
724 3232 779 3286 cst,
810 3225 882 3299 quod
911 3224 958 3280 tibi
986 3224 1152 3281 reticendum
1182 3224 1290 3278 minime
1309 3241 1416 3279 censeo.
1458 3222 1495 3277 Es
1514 3224 1640 3298 llispauia

348 3305 473 3361 nuncium
494 3306 650 3371 babuimus,
675 3309 746 3380 ιμιοιΙ
772 3309 797 3363 bi
818 3318 950 3383 quatuor,
974 3310 1019 3383 qui
1037 3309 1106 3382 apud
1126 3310 1275 3380 Augustam
1298 3308 1323 3363 in
1346 3308 1508 3363 catholicum
1527 3326 1642 3365 cousen-

349 3406 406 3445 sum
429 3390 618 3464 praebuerant,
641 3393 737 3449 ‹leimle
759 3404 822 3467 post
845 3394 1018 3468 imperatoris
1039 3402 1153 3449 mortem
1176 3393 1282 3447 litteras
1301 3391 1515 3449 confirmatorias
1533 3394 1640 3467 prelati

348 3490 496 3532 consensus
520 3478 699 3538 tradiderant.
726 3479 824 3550 quibus
853 3487 939 3534 tamen
962 3497 1016 3533 nim
1041 3478 1227 3538 obstantibus,
1258 3486 1373 3532 mentem
1405 3486 1525 3532 nostram
1548 3477 1641 3551 explo-

349 3575 424 3621 rare,
453 3559 555 3618 litteris
582 3570 609 3617 et
639 3562 884 3635 pollicitationibus
913 3582 963 3619 iios
991 3564 1115 3637 decipere
1140 3570 1354 3636 proposuerant,
1382 3562 1424 3617 eni
1447 3563 1546 3617 truncio
1568 3563 1640 3617 cbri-

319 3642 530 3700 ustionissimus
559 3645 636 3702 iidem
663 3646 772 3702 minime
803 3647 929 3703 adbibere
955 3647 1053 3707 voluit.
1085 3666 1131 3702 nec
1161 3647 1310 3702 arliitratus
1338 3654 1380 3700 est
1404 3645 1470 3701 tales
1493 3647 1565 3702 viros
1588 3656 1640 3702 tam

349 3725 482 3800 inplianda
504 3731 687 3804 excogitasse,
712 3731 809 3804 quibus
832 3742 858 3787 ct
880 3733 958 3787 deum
982 3734 1113 3804 optimum
1137 3732 1278 3787 niaximum
1303 3730 1484 3791 iideriilereut.
1509 3731 1641 3788 lautiorem

349 3828 426 3867 suum
452 3821 479 3868 et
502 3814 597 3869 laumm
621 3816 740 3887 graviter
763 3816 941 3877 inaculareut,
969 3818 1068 3888 llegem
1100 3817 1239 3871 iiiariiumm
1267 3817 1464 3888 magnanimum
1487 3816 1641 3871 bominibus

349 3903 374 3950 et
397 3897 497 3953 divitiis
521 3898 718 3955 babumlantcm
740 3902 870 3957 iniuriose
894 3900 1031 3960 luderent,
1056 3921 1069 3955 a
1094 3920 1148 3974 qim
1170 3919 1266 3973 grantes
1283 3900 1435 3955 inimicitias
1452 3919 1481 3955 ac
1497 3901 1640 3957 vindictam

349 3990 490 4054 exportare
518 3983 649 4039 deberent
679 3994 705 4039 ct
734 3985 838 4040 utillum
867 3985 949 4040 alium
976 4004 1006 4039 cx
1036 3986 1093 4040 suis
1125 3986 1250 4040 versutiis
1280 3985 1397 4040 fructum
1428 3986 1536 4058 assequi
1560 4003 1641 4059 posse

319 4069 498 4137 asperarum.

364 4276 545 4314 arumnicum.
811 4272 837 4328 7⁴
863 4268 970 4348 [lfgplp
988 4292 1015 4327 n⁴
1032 4267 1107 4348 200]
1351 4278 1386 4317 ts.
1402 4284 1486 4317 naar.
1501 4267 1536 4332 [a.
1553 4268 1623 4335 tals]

349 4330 555 4344 ᾗ*

1332 4338 1641 4349 ——-—-—..—.—

738 4403 920 4466 it‘ttatulsut
944 4407 1039 4463 REGIS
1062 4406 1255 4463 consutam!

739 4473 751 4482 s.

763 4504 945 4554 loacttluo
964 4507 1014 4553 Dr,
1034 4503 1226 4568 uictimam]

430 4601 595 4662 charissime
618 4616 725 4669 noster,
749 4608 829 4664 salve.

318 4696 340 4736 to
431 4689 551 4746 Reddita
574 4699 637 4746 sunt
660 4692 739 4748 iiobis
762 4693 860 4749 littera
884 4704 980 4750 restra».
1002 4715 1062 4751 cum
1087 4695 1200 4757 litteris,
1236 4715 1303 4769 quas
1331 4697 1363 4751 ad
1385 4695 1638 4752 ebristiauissimum

417 4837 476 4889 ⁸ce
499 4842 545 4889 isti
565 4842 597 4889 L.

416 4922 436 4954 ¹⁵
455 4857 540 4989 aliiae]
560 4926 626 4975 dare
647 4926 678 4976 L.
732 4924 753 4958 ¹⁵
773 4926 899 4992 quatuor]
919 4931 1051 4978 electores.
1105 4927 1127 4959 ²⁷
1146 4929 1312 4993 prebuerant
1333 4930 1364 4978 1,.
1423 4927 1444 4959 ³³
1463 4928 1589 4977 lederent
1609 4929 1640 4979 ll·

348 5004 369 5036 ³⁴
388 5014 534 5073 exportare
555 5010 585 5058 L.
602 5011 667 5072 sort.
682 5018 782 5075 repert.

407 5092 541 5143 lavinio
560 5093 628 5145 Ore.
648 5110 711 5144 ror..
726 5096 763 5145 11.
1375 5096 1411 5157 31
