3934 6034
267 690 384 743 eccm.
393 705 514 740 cvrumu
524 704 560 739 sn
574 704 650 740 sris.
658 704 701 738 sc.
714 688 847 740 cccxu.
855 703 992 738 assessus
1004 702 1041 737 sn
1052 695 1307 739 securisumus.
1317 700 1374 734 mu.
1385 692 1442 732 tues.
1474 667 1548 741 249

268 868 317 921 stri
347 906 777 920 ...................
806 863 867 919 Scio
891 862 1057 937 colloquium
1086 863 1109 918 ci
1140 880 1194 917 non
1225 862 1299 925 lorc;
1326 869 1415 917 laurcu
1444 861 1467 916 si
1489 879 1550 936 spe·

266 952 379 1007 ctamlos
403 969 449 1006 uos
472 950 615 1025 praebeatis
639 958 665 1005 et
689 949 832 1010 muninus,
860 949 912 1004 crit
934 966 965 1003 cx
988 948 1077 1003 obicio
1101 956 1200 1003 rcslro.
1245 945 1377 1003 Francisci
1404 945 1548 1020 Siclringeu

268 1037 325 1092 buri
354 1037 441 1092 audivi
470 1044 497 1092 ct
520 1036 682 1109 logicorum
706 1043 733 1091 cl
755 1034 935 1090 miserabilem
958 1034 1106 1090 bisturium.
1151 1032 1219 1087 llcus
1242 1032 1329 1087 iustus
1352 1032 1397 1087 secl
1420 1031 1550 1088 mirabilis

268 1122 353 1178 iudex.
398 1120 468 1177 Vale.
1258 1117 1333 1173 blsrt.
1355 1116 1465 1174 Lulber.

890 1389 918 1447 3.

683 1527 873 1596 [rennues
897 1526 1135 1598 coruscus]

353 1651 395 1706 lte
417 1667 473 1722 qiua
495 1651 654 1720 scripserat
681 1650 788 1703 occulte
816 1650 854 1703 ad
885 1648 1010 1703 lllricum
1034 1648 1191 1703 Huttenum
1221 1664 1304 1702 suum
1327 1647 1485 1712 lutherus,
1519 1662 1550 1703 se

264 1740 332 1810 plus
354 1738 531 1807 confidentiae
553 1750 623 1805 erpa
645 1735 723 1788 illum
744 1748 846 1805 perere
869 1735 1060 1804 maioremque
1082 1735 1111 1787 in
1133 1748 1166 1788 co
1180 1748 1259 1803 spem
1275 1734 1380 1789 babere
1396 1751 1482 1807 quarn
1497 1734 1548 1788 bc-

267 1826 330 1878 brat
352 1825 380 1876 in
404 1824 460 1877 ullo
482 1821 533 1875 sub
555 1821 624 1876 coslo
643 1820 814 1890 principem.
860 1819 965 1874 Dolens
987 1834 1054 1891 erpo
1078 1818 1220 1873 Lutlrerus
1242 1819 1395 1876 Francisei
1415 1821 1549 1875 oliorum-

232 1925 322 1981 toque
345 1908 493 1972 nobilium,
517 1906 566 1978 qui
587 1906 711 1960 manime
732 1904 899 1976 Ecanpelici
919 1905 1101 1970 dicebantur,
1124 1920 1237 1971 casum,
1260 1911 1362 1961 nactus
1382 1920 1421 1960 es
1436 1907 1549 1962 decreto

268 1994 499 2065 ll'ureubrrpensi
519 1991 673 2046 cavillandi
693 1992 881 2057 occasionem,
901 1988 1103 2061 furiosissimis
1124 1991 1251 2046 convitiis
1273 1991 1301 2046 in
1323 1990 1470 2062 principes
1490 1992 1548 2047 cin-

266 2081 348 2135 dicta
370 2079 484 2134 libidine
506 2076 697 2133 debacchatus
718 2082 768 2131 est.

266 2261 383 2313 cccxl.
396 2260 421 2311 3.
457 2262 496 2309 Io.
517 2258 660 2309 Cocblaeus
684 2259 712 2308 in
730 2259 950 2309 misceriacus
974 2264 1003 2307 ct
1020 2274 1073 2308 scr.
1092 2258 1174 2307 Mart.
1193 2259 1309 2310 Lulberi
1333 2259 1368 2309 sd
1391 2275 1454 2310 sun.
1476 2260 1548 2310 1524.

687 2367 696 2385 ο
719 2345 806 2394 Puris.
824 2343 895 2393 1565.
914 2342 950 2392 8⁰.
971 2344 1018 2394 iol.
1032 2342 1088 2392 86⁶,

233 2795 256 2834 lb
284 2803 459 2837 succurrunt.
694 2783 697 2792 '
813 2768 1531 2846 CCCXH.8.1vu.tlm.

1337 2860 1543 2869 ———-

715 2945 874 3002 utuubuvs
896 2946 1095 3003 sumemus

794 3048 917 3089 orrmo
941 3048 1018 3088 vmo

725 3129 851 3178 10tm'u1
870 3128 1088 3179 SCHWBBLIN

427 3217 669 3258 coucrosuroru
694 3217 827 3258 su’oum
849 3217 968 3258 rusum
992 3218 1025 3258 lu
1049 3214 1188 3257 cumsro
1213 3217 1386 3259 cumssuso

227 3350 253 3388 m
347 3342 372 3394 S.
398 3340 423 3394 m
445 3338 552 3393 Christo
574 3337 641 3393 lesu.
685 3337 757 3392 Nou·
772 3338 909 3410 potuisses
938 3338 1064 3393 nuncium
1093 3346 1167 3393 tuum
1197 3336 1250 3394 olio
1273 3345 1395 3412 tempore
1418 3338 1550 3414 intempe-

263 3426 357 3480 stivius
380 3424 486 3480 misisse
516 3422 547 3477 ad
577 3439 639 3482 nos.
669 3423 740 3495 quod
762 3422 896 3496 Haganoae
925 3423 960 3478 sit
982 3422 1201 3495 Wolllgangulus
1230 3430 1335 3485 noster,
1364 3432 1392 3479 ct
1421 3425 1548 3481 maiorem

262 3531 293 3567 ac
315 3510 450 3585 potiorem
473 3515 576 3581 partem
599 3507 731 3563 librorum
754 3525 864 3563 suorum
887 3524 977 3564 secum
1001 3508 1135 3581 acceperit
1160 3550 1425 3564 ............
1448 3508 1549 3566 Edclur

262 3597 342 3652 ctiam
366 3591 547 3668 expostulatio
563 3592 687 3654 buttem,
711 3592 809 3667 scriptu
832 3592 913 3649 ctiam
936 3590 1065 3648 nonnulla
1088 3591 1189 3648 Erusmi
1211 3601 1238 3648 ct
1259 3593 1369 3649 butheri
1391 3595 1423 3651 cul
1445 3594 1548 3651 ludaeos

262 3680 370 3736 libellus
398 3678 578 3735 (laetissimus.
624 3677 770 3750 prodibunt
800 3685 826 3732 rt
855 3677 905 3733 alia
936 3695 996 3751 qum
1023 3687 1085 3733 ursle
1112 3694 1212 3751 pmcos
1239 3678 1296 3734 dies
1319 3678 1488 3752 Witlcbcrga
1515 3680 1547 3736 cul

228 3777 315 3822 rinos
342 3772 472 3820 venerunt
489 3804 706 3817 ..........
733 3763 866 3818 Novarum
894 3780 983 3818 rerum
1007 3762 1073 3817 alias
1095 3761 1161 3818 uibil
1185 3763 1279 3819 babeo.
1324 3763 1440 3820 buccrus
1464 3764 1548 3820 voluit

263 3868 337 3907 sacra
360 3849 510 3923 praelegere
537 3848 639 3904 civibus
668 3848 784 3909 nostris,
813 3847 859 3903 sed
881 3849 933 3904 boc
955 3848 981 3904 ei
1002 3849 1165 3921 denegatum
1187 3867 1200 3903 a
1223 3856 1333 3904 senatu:
1356 3867 1416 3905 uam
1439 3858 1548 3906 senatus
1646 3848 1648 3853 ’

263 3936 373 3993 timebat
395 3935 426 3991 ul
451 3931 594 3989 tumultum
618 3951 673 3989 rem
697 3942 833 4007 spectare.
857 3933 929 4006 quod
952 3933 1148 4007 propemodum
1164 3932 1241 3989 multi
1263 3934 1294 3988 ad
1316 3952 1373 3989 com
1397 3952 1454 3991 rem
1475 3953 1548 3991 com·

263 4028 444 4077 subseruntur.
490 4019 544 4075 Uno
573 4037 616 4073 res
644 4018 782 4073 bominum
811 4018 956 4092 plurimum
988 4017 1075 4074 obest.
1120 4019 1173 4074 scis
1201 4018 1280 4075 ctiam
1310 4027 1439 4092 quantum
1462 4020 1548 4076 adbuc

263 4113 389 4180 stupeant
412 4103 490 4161 mulli
517 4105 549 4160 ml
571 4104 640 4159 hauc
659 4103 819 4159 novitatem:
843 4102 880 4158 ita
902 4103 972 4158 cuim
995 4102 1140 4159 aclvcrsurii
1163 4103 1385 4176 interpretantur.
1429 4105 1468 4160 Tu
1491 4122 1547 4160 rem

228 4189 395 4262 soersngclii
423 4196 528 4245 maturo
555 4197 583 4244 ct
609 4187 745 4262 patienter
768 4195 880 4250 tractes,
909 4205 942 4243 ne
970 4188 1061 4244 statim
1089 4187 1122 4243 ub
1150 4187 1227 4244 initio
1249 4188 1338 4244 vinum
1360 4188 1426 4245 velis
1448 4207 1548 4264 propo·
1636 4248 1639 4254 ,

262 4294 340 4337 nere.
363 4292 425 4332 cum
447 4274 488 4331 lac
510 4274 627 4330 nondum
650 4273 783 4329 biberint:
807 4273 832 4328 id
856 4273 928 4346 quod
950 4272 1074 4347 pluribus
1097 4273 1224 4328 hactenus
1246 4273 1370 4329 nocuisse
1392 4273 1469 4330 vulco
1494 4317 1546 4328 ...

263 4402 480 4415 ..........
505 4358 567 4414 Vulo
591 4358 752 4415 felicissime.
787 4358 952 4432 Argentinae.
976 4357 1005 4411 V.
1028 4364 1091 4431 pasl
1113 4357 1243 4432 Corporis
1265 4357 1373 4414 Christi.
1389 4359 1413 4414 bl
1427 4359 1446 4414 ll
1461 4359 1546 4416 xxltt.

261 4543 392 4595 cccxli.
429 4543 562 4592 Centurio
580 4559 641 4607 epp.
661 4540 695 4591 ad
714 4541 772 4590 Ios.
791 4539 944 4590 Schwabel.
963 4555 1046 4606 supra
1069 4540 1105 4590 ul.
1126 4556 1223 4591 cccxx.
1243 4540 1376 4591 indiculo.
1395 4558 1420 4607 p.
1439 4540 1544 4593 tc...ttt.

839 4624 876 4673 nl.
891 4640 961 4674 xvu.

326 4766 336 4796 ⁷
356 4763 416 4830 quo]
437 4764 588 4814 Francisoo
607 4764 640 4813 cle
659 4762 821 4827 Sickingen.

324 4850 344 4882 ²¹
365 4848 487 4915 Wolffgl
508 4849 603 4914 Angst.

720 5011 1049 5031 -*--
