3934 6034
331 686 402 757 322
506 700 705 751 cccxxxlu.
726 716 844 751 suonam
857 717 960 752 nusum
973 717 1302 754 inneneuuendiun
1315 716 1447 753 nussum.
1472 734 1475 740 ·

258 888 324 939 §.sou
338 877 417 933 iltius
438 875 606 949 exemplum
628 875 748 932 imitari.
793 874 952 949 Nunquam
969 876 1071 935 adhuc
1090 876 1165 935 milri
1179 893 1284 951 pupna
1301 874 1364 948 suit
1382 891 1448 934 cum
1470 888 1619 948 quoquam

326 995 411 1053 quem
434 976 596 1051 aliquando
618 976 775 1036 dilexerim
797 994 836 1036 ee
857 979 973 1045 animo,·
995 994 1034 1036 ae
1051 995 1089 1036 ne
1110 980 1140 1036 in
1159 978 1211 1037 lios
1232 979 1350 1052 quidem
1370 993 1500 1052 unquam
1523 992 1620 1035 ener-

326 1084 378 1140 eui
396 1082 506 1140 calami
525 1078 653 1153 rabiem,
687 1096 706 1137 u
731 1080 834 1154 quihus
861 1081 1029 1139 odiosissme
1058 1081 1228 1154 irnpeleliar.
1273 1081 1378 1155 quodsi
1393 1083 1532 1155 placeret
1553 1078 1620 1136 ltoee

325 1184 505 1258 petulantia,
525 1184 626 1241 malim
644 1182 718 1240 milii
736 1183 808 1241 dari
824 1185 877 1256 qui
895 1198 1046 1256 nunquam
1070 1182 1178 1253 suisset
1203 1186 1332 1255 umicus,
1358 1185 1458 1241 malim
1478 1181 1552 1239 dari
1570 1182 1622 1239 eui

327 1302 376 1345 res
390 1291 487 1344 essent
506 1284 727 1357 sequundiores.
771 1300 827 1343 non
850 1291 893 1343 εει
902 1285 1071 1358 plausibilis
1086 1301 1152 1343 eum
1172 1288 1267 1345 cornico
1285 1286 1480 1359 eliqladiatio:
1498 1292 1528 1343 et
1544 1300 1643 1343 cini-s

260 1392 327 1443 §.⁴⁰5·
340 1389 405 1447 dele
429 1389 519 1447 estin
539 1388 741 1446 calamitosum
762 1404 824 1445 esse
846 1386 987 1445 dicacem.
1033 1382 1198 1461 *Superest
1223 1396 1256 1446 ut
1282 1388 1424 1446 aditorter
1444 1402 1545 1446 onuiies
1565 1385 1620 1444 lto-

328 1506 436 1549 narum
457 1491 612 1548 literarum
634 1490 790 1560 studiosos,
810 1496 842 1547 ut
862 1491 889 1547 si
909 1489 1077 1549 detestabile
1098 1491 1215 1549 uidetur
1233 1493 1398 1563 exemplum
1420 1489 1556 1559 Hutteni,
1581 1486 1621 1546 alr

328 1593 496 1652 lndusmodi
515 1594 695 1666 intemperiis
717 1592 893 1664 obstineant,
916 1608 952 1650 ne
971 1592 1062 1650 lonas
1083 1595 1186 1651 literas
1206 1592 1337 1652 reddant
1349 1592 1520 1650 invidiosas.
1558 1606 1620 1664 ap-

322 1698 479 1771 pellantur
502 1694 709 1753 numanitatis:
737 1695 916 1762 canendum,
945 1711 981 1752 ne
1007 1703 1104 1753 nostro
1127 1697 1200 1753 oieio
1221 1697 1346 1754 nominis
1359 1695 1481 1753 lionesti
1496 1707 1621 1766 posses-

329 1800 410 1857 sione
427 1798 621 1856 deliciantur:
640 1803 699 1855 lum
721 1797 837 1855 eternium
854 1806 941 1854 erunt
960 1797 992 1854 id
1010 1798 1089 1869 quod
1106 1797 1259 1868 dicuntur,
1280 1797 1335 1856 lioc
1348 1803 1392 1856 cst
1411 1796 1496 1855 oouae
1513 1797 1618 1862 litere,
1633 1810 1654 1852 n

261 1906 329 1958 liti·
341 1902 368 1958 si
387 1915 440 1957 nos
461 1898 593 1957 reddant
613 1901 762 1972 meliores,
792 1901 820 1957 si
843 1901 974 1957 seruiunt
997 1900 1104 1971 ploriee
1127 1899 1243 1958 Christi.
1286 1900 1387 1974 Neque
1407 1901 1484 1959 enim
1509 1900 1540 1955 iu
1566 1896 1622 1955 ltoc

330 2007 475 2061 reoocotoe
496 2003 610 2059 suntin
631 2001 760 2072 scleolus,
783 2008 815 2059 ut
832 2004 978 2075 pristinas
1000 2002 1175 2075 disciplinas
1195 2004 1330 2072 eiiciant,
1352 2002 1407 2061 sed
1426 2010 1458 2061 ut
1478 2003 1539 2060 illle
1557 2016 1622 2074 pu-

330 2107 395 2163 rius
420 2110 449 2162 et
473 2104 651 2162 commodius
676 2104 846 2162 tradantur.
904 2103 992 2162 Nunc
1016 2103 1093 2163 idem
1117 2103 1187 2177 sere
1216 2108 1356 2164 turnultus
1382 2112 1426 2163 est
1451 2107 1482 2162 in
1504 2103 1621 2170 scholis,

330 2210 383 2281 qui
402 2214 445 2265 εει
466 2207 496 2264 in
517 2206 662 2264 ecclesiis:
691 2220 761 2261 ricem
782 2208 919 2280 plerique
939 2208 991 2279 qui
1011 2208 1120 2279 liniquis
1142 2223 1179 2265 ac
1200 2207 1281 2266 bonis
1301 2209 1394 2267 literis
1413 2209 1544 2281 impense
1562 2203 1622 2276 sa-

331 2316 412 2379 oent,
437 2309 567 2367 exclusis
587 2307 719 2366 urrinious
740 2311 844 2367 studiis
865 2309 920 2366 lius
938 2311 1018 2367 solas
1037 2309 1192 2377 invehunt·
1212 2327 1318 2368 rursus
1335 2312 1388 2383 qui
1405 2310 1535 2384 pristina
1555 2313 1655 2364 stu-n

333 2413 384 2471 dio
407 2410 558 2468 mordicus
578 2412 717 2480 retinent,
740 2412 859 2467 summis
881 2411 991 2470 oiritnis
1005 2411 1059 2469 lioe
1072 2420 1179 2484 aquom,
1203 2421 1234 2469 nl
1244 2413 1397 2486 politiores
1411 2413 1516 2470 literas
1526 2425 1623 2484 pror-

264 2522 331 2572 §.son
343 2531 393 2573 sus
408 2513 535 2573 obruant
548 2519 578 2570 et
595 2514 781 2585 entinquant.
819 2512 892 2581 (inin
913 2515 1011 2585 potins
1032 2515 1062 2571 in
1080 2513 1135 2572 ltoc
1157 2514 1362 2583 incumbimus,
1384 2520 1416 2572 ul
1429 2529 1501 2571 suas
1515 2513 1624 2585 quique

333 2618 413 2675 dotes
436 2617 558 2674 irinioem
580 2614 766 2685 conserentes
787 2617 893 2672 mutuis
915 2614 1024 2685 officiis
1045 2617 1233 2686 adiuvemur,
1263 2632 1352 2689 quam
1382 2622 1414 2674 ut
1433 2617 1530 2673 stultis
1547 2628 1624 2672 con-

333 2718 505 2778 tentionibus
526 2719 616 2775 alleri
638 2719 740 2776 alteris
765 2714 1032 2775 inicorumodemus?
1065 2717 1121 2787 (lui
1142 2720 1239 2776 ualern
1260 2719 1291 2775 in
1313 2717 1394 2777 ionis
1416 2719 1526 2786 literis,
1547 2716 1626 2775 'dent

332 2837 470 2896 operam,
495 2827 528 2877 ut
547 2834 599 2878 cas
615 2819 731 2894 proluis,
753 2821 843 2877 costis
864 2826 892 2877 et
912 2819 1070 2878 commodis
1091 2820 1220 2879 mnibus
1242 2821 1447 2880 commendent
1466 2826 1495 2880 et
1516 2833 1657 2878 uoces-io

333 2925 414 2983 sione
428 2924 600 2995 oratiorum
617 2923 844 2997 disciplinarum
865 2921 1066 2988 cohonestenm
1088 2922 1191 2994 quibus
1208 2938 1265 2980 non
1287 2925 1487 2996 eontiqernnt,
1507 2921 1627 2980 addant

267 3032 375 3086 §.lli-et
394 3026 449 3086 lioc
469 3026 584 3083 decoris
605 3025 709 3083 studiis
728 3028 798 3083 suis.
853 3023 959 3083 lllulna
980 3024 1141 3082 concordia
1169 3024 1266 3095 surlet
1296 3042 1333 3083 ne
1358 3026 1432 3098 quid
1457 3026 1508 3083 cni
1533 3025 1626 3092 desit,-

335 3129 457 3188 dissidio
471 3130 521 3199 fit,
545 3134 576 3185 ut
594 3145 649 3187 nec
670 3128 903 3200 uisionisque
924 3127 1035 3185 adsient
1049 3125 1204 3196 fruamur.
1248 3129 1318 3201 quin
1341 3129 1486 3186 uniuersis
1507 3137 1536 3185 et
1556 3142 1626 3183 rna-

334 3232 424 3288 ximis
442 3236 471 3288 et
490 3231 618 3288 niinimis
640 3230 697 3288 luuc
715 3231 883 3288 contundam
900 3238 956 3300 est,
980 3236 1013 3287 ut
1033 3231 1109 3287 inter
1131 3230 1312 3288 Christianos
1329 3245 1395 3304 pan
1414 3237 1443 3288 et
1461 3228 1625 3288 eoncordia

334 3334 494 3391 sarciatur.
527 3349 607 3391 uiuite
623 3349 716 3406 neque
732 3332 838 3390 mundi
856 3332 943 3390 liutius
961 3348 1067 3406 pucem
1090 3331 1243 3402 luculentus,
1263 3348 1352 3404 quum
1371 3331 1502 3405 undique
1517 3330 1661 3403 surio-us

335 3437 376 3493 sis
397 3434 480 3493 bellis
499 3433 640 3506 serneant
653 3437 766 3505 omnio,
789 3451 882 3507 neque
902 3450 1007 3508 pacem
1029 3436 1091 3505 dei,
1114 3450 1202 3506 quum
1221 3442 1304 3492 tenda
1322 3436 1361 3492 sit
1372 3435 1544 3507 opinionum
1559 3433 1628 3494 dis-

336 3538 446 3607 sensio,
474 3553 528 3595 nec
557 3539 618 3594 ullu
641 3552 764 3609 usquam
784 3552 911 3611 syncera
930 3537 1060 3595 amicitia
1082 3543 1134 3595 aut
1152 3535 1294 3607 fraterna
1309 3537 1457 3607 cliaritus,
1483 3535 1539 3595 sed
1548 3552 1628 3610 pes-

268 3640 420 3699 §.iousirno
444 3638 592 3709 fermento
619 3641 720 3696 uitiata
747 3642 854 3697 omniu.
898 3637 932 3696 Si
950 3640 1002 3697 eni
1017 3642 1117 3713 placet
1137 3638 1192 3696 lioo
1210 3641 1355 3709 seculum,
1382 3637 1529 3710 [rnatum
1555 3637 1631 3695 milii

336 3742 451 3801 uidetur
472 3741 714 3812 infelicissimum.
759 3736 841 3811 *Oui
859 3743 979 3813 rieqocio
997 3740 1104 3811 sanein
1123 3741 1309 3813 erniipelico,
1331 3739 1458 3810 fieoeant
1478 3741 1628 3814 simplici-

336 3852 381 3903 ter
402 3861 440 3903 nc
454 3844 635 3917 prudenter:
664 3859 702 3902 ne
719 3845 818 3914 fidant
835 3844 1029 3902 clanculariis
1048 3842 1328 3915 conspirationilnis,
1350 3860 1387 3901 ne
1408 3843 1564 3902 maledicis
1583 3843 1662 3901 ιε’-ω

337 3946 419 4006 oetlis
441 3947 472 4003 in
490 3947 657 4020 pontificem
685 3952 738 4003 out
755 3948 922 4020 principes,
947 3946 1051 4017 quibus
1072 3947 1131 4003 illis
1153 3946 1247 4017 muqis
1267 3946 1428 4003 conciliant
1440 3945 1580 4016 saonem
1601 3952 1630 4004 et

336 4051 488 4121 euanpelio
506 4050 637 4121 cotillnnt
656 4048 814 4115 inuidiam·
834 4049 888 4106 sed
906 4049 1004 4121 posita
1022 4049 1101 4106 ornni
1115 4048 1304 4121 peruicacia,
1323 4049 1426 4121 positis
1446 4047 1553 4106 studiis
1567 4047 1629 4105 luu-

337 4152 442 4210 manis.
473 4151 549 4224 *qui
566 4151 645 4210 docti
658 4156 727 4208 sion
747 4152 824 4208 inter
845 4166 906 4208 sese
919 4149 1080 4220 conserunt
1093 4149 1130 4206 ile
1145 4149 1270 4207 tollendo
1284 4149 1363 4207 orois
1378 4149 1518 4221 dissidio,
1541 4165 1629 4223 quee-

338 4272 394 4328 qne
416 4254 590 4312 uidebuntur
615 4254 658 4311 ud
675 4253 825 4327 publicam
849 4252 1012 4310 Cluistiuni
1032 4254 1138 4325 populi
1166 4254 1291 4309 sulutem
1313 4258 1341 4309 et
1363 4251 1474 4308 Cleristi
1497 4253 1628 4323 aloriano

336 4358 457 4429 faeere,
479 4350 621 4414 *secretis
642 4357 734 4414 literis
751 4355 882 4412 indicent
898 4354 1031 4427 pontifici
1048 4370 1086 4412 nc
1102 4355 1228 4422 t'nfsuri,
1251 4360 1279 4410 et
1294 4354 1323 4409 in
1341 4353 1396 4412 lioc
1414 4355 1536 4426 itepocio
1557 4363 1663 4412 iter-ss

269 4467 338 4518 toll.
350 4468 451 4519 sentur
467 4475 591 4534 syncere
605 4465 746 4532 tanquurn
760 4472 861 4515 corum
877 4457 940 4515 deo.
975 4455 1043 4513 Ilac
1057 4458 1172 4514 ratione
1185 4456 1270 4513 citius
1283 4457 1518 4515 consuluerimus
1532 4473 1629 4515 eonn-

336 4565 441 4636 pelicoe
472 4563 657 4636 sqnceritnti‚
684 4575 772 4633 quum
798 4560 875 4617 riuis
897 4574 1048 4631 neutiquam
1073 4558 1229 4627 finiendis:
1257 4552 1350 4615 *dnm
1374 4561 1452 4616 enim
1478 4560 1544 4618 sine
1568 4561 1631 4630 fine

338 4667 492 4737 ninantur,
516 4680 555 4722 on
578 4665 617 4722 sit
637 4662 759 4735 aliquod
780 4661 883 4718 bonum
902 4676 975 4735 opus
992 4659 1130 4730 nominis,
1147 4662 1195 4731 tit,
1217 4666 1249 4717 ut
1261 4676 1366 4719 renero
1382 4662 1495 4718 nullum
1511 4661 1629 4721 habea-

338 4785 402 4827 mus
423 4784 497 4841 opus
519 4767 641 4834 hormen,-
663 4764 678 4797 *
686 4765 756 4823 diurn
771 4763 970 4836 delitipamns,
994 4777 1033 4818 an
1048 4763 1111 4820 sola
1123 4762 1199 4833 tides
1213 4762 1322 4836 alisque
1337 4763 1475 4842 operibns
1489 4764 1631 4837 conserat

405 4971 415 5002 ²
440 4967 529 5035 quem]
555 4967 608 5017 Sed
632 4982 790 5032 quemnam,
814 4965 871 5026 dic,
897 4964 1034 5014 hominem
1057 4978 1183 5028 umquam
1206 4963 1329 5016 dilexisti
1354 4980 1386 5015 ex
1412 4968 1506 5018 animo
1528 4974 1632 5034 praeter

335 5075 418 5110 unum
436 5057 546 5107 unicum
564 5052 726 5107 Eudemum?
778 5052 874 5102 tuitio
893 5053 950 5101 so.
1005 5048 1025 5081 ¹³
1043 5048 1127 5100 scolis
1145 5052 1204 5099 t.3.
