3934 6034
399 700 610 752 CCCXXXIHI.
631 714 818 750 snrssrensu
833 713 885 747 ruo
900 711 1029 747 nvsrsno
1042 711 1079 745 ιιι
1092 710 1194 746 enisus
1210 710 1351 745 sronornu
1364 708 1526 744 arsronsio.
1565 677 1637 750 333

354 874 481 930 voluisset
504 875 639 935 scribere.
664 881 772 948 poterat
794 890 822 928 se
847 871 997 946 applicare,
1022 880 1051 927 ιιι
1075 879 1118 933 ιιι,
1147 871 1266 926 Romano
1290 869 1425 944 pontifici,
1448 869 1638 930 cariliualibus,

354 959 500 1033 huglorutu
525 961 597 1033 regi;
624 977 712 1033 neque
734 959 829 1015 dubito
852 958 916 1031 quin
940 956 1088 1030 magnificis
1118 957 1236 1029 piraeiiiiis
1264 956 1398 1011 homiuem
1426 955 1585 1017 tlonassent,
1615 956 1637 1010 si

352 1045 443 1100 stilum
466 1046 632 1101 exercuisset
654 1045 681 1099 in
705 1045 859 1100 lutherum.

416 1126 515 1206 [itm]
560 1147 610 1186 nu.
639 1130 777 1186 Desidero
804 1131 833 1184 in
856 1128 977 1183 Ltattseri
1002 1130 1119 1197 scriptis
1149 1129 1311 1183 modestiam
1340 1133 1366 1180 et
1394 1127 1637 1181 mansuetudinem

326 1216 557 1287 sciraapetiram,
582 1223 646 1271 nido
667 1216 859 1286 pervicaciam
882 1215 1075 1268 asseverandi.
1143 1229 1192 1268 or.
1216 1212 1287 1267 Satis
1310 1218 1352 1267 est
1374 1228 1457 1285 super
1479 1211 1526 1267 hac
1543 1229 1571 1266 re
1587 1211 1638 1266 Lu·

353 1301 445 1356 thorus
468 1301 534 1361 sibi.
559 1309 585 1355 ct
609 1300 704 1361 habet,
728 1318 783 1355 utin
806 1299 917 1360 dubito.
942 1298 1004 1372 quid
1028 1299 1206 1372 respondeat:
1229 1314 1281 1370 ego
1305 1313 1368 1352 vero
1385 1313 1439 1351 non
1455 1297 1567 1359 alamno,
1590 1297 1642 1351 sed

352 1386 471 1441 admiror
493 1387 618 1460 spiritum
641 1386 742 1441 iliimiui
766 1387 793 1441 iu
816 1385 938 1446 bomine,
970 1383 1015 1457 qui
1046 1382 1110 1439 lecit
1133 1383 1226 1439 taciem
1256 1382 1314 1437 eius
1343 1381 1518 1437 valentiorem
1541 1391 1567 1437 et
1589 1382 1638 1437 du·

352 1472 450 1527 rioreui
475 1471 610 1527 lrontibus
633 1488 741 1532 cortun,
765 1480 794 1525 ut
817 1471 983 1526 adamantem
1007 1476 1033 1523 ot
1057 1477 1086 1524 ut
1109 1468 1220 1524 silicem.
1694 1543 1697 1547 Δ

416 1551 515 1632 [stit]
560 1559 598 1612 Et
626 1559 700 1611 inter
728 1559 834 1612 amicos
863 1556 960 1610 doleas
991 1556 1145 1625 aliquando
1173 1554 1236 1609 disi
1258 1568 1300 1606 me
1322 1553 1453 1608 dubitare
1475 1554 1509 1608 dc
1531 1554 1637 1624 spiritu

321 1650 343 1687 ¹⁰
353 1644 436 1697 iilius.
503 1658 553 1696 or.
578 1641 644 1708 uuio
668 1659 735 1713 ergo
759 1642 908 1714 scripturas
931 1656 984 1694 non
1008 1640 1136 1713 expendis
1159 1647 1184 1693 et
1209 1655 1265 1693 rem
1287 1638 1320 1693 de
1342 1654 1394 1711 qua
1409 1638 1487 1698 dicit,
1512 1656 1637 1694 verumne

352 1727 387 1781 sit
409 1727 481 1799 quod
505 1726 611 1785 scribit,
642 1744 675 1781 aii
700 1734 827 1799 torqueat
848 1726 998 1799 scripturas
1020 1734 1047 1780 et
1071 1725 1184 1780 huniana
1207 1722 1382 1797 philosophia
1412 1722 1452 1778 vel
1482 1722 1636 1797 eloquentia

351 1812 541 1869 circumveniat
563 1812 710 1867 secundum
741 1812 912 1867 traditionem
942 1810 1080 1865 hominum
1109 1818 1136 1864 et
1163 1817 1264 1882 praeter
1296 1808 1491 1881 providentiam
1524 1810 1637 1882 spiritus

352 1898 451 1958 sancti,
481 1916 513 1953 an
543 1896 689 1952 subtilibus
716 1897 830 1970 argutiis
858 1894 1057 1969 simplieitatem
1086 1895 1267 1950 communium
1296 1892 1439 1949 verborum
1473 1902 1501 1949 et
1527 1894 1637 1950 subtilia

353 1999 467 2056 quumque
489 1981 656 2038 confundat?
679 1980 755 2048 Quod
779 1982 801 2035 si
824 1999 879 2037 uon
902 1981 981 2040 iacit,
1007 1981 1069 2054 quid
1092 1979 1251 2036 addubitas?
1282 1979 1340 2034 Non
1370 1988 1433 2035 sunt
1456 1979 1514 2035 bace
1536 1980 1637 2055 scripta

323 2077 344 2114 17ι
354 2068 501 2139 nialignuui
525 2076 551 2123 et
575 2067 677 2122 erroris
700 2068 824 2140 spiritum
848 2065 980 2121 habentis.
1026 2066 1127 2121 sedile
1150 2065 1201 2121 boc
1223 2064 1297 2119 alias.

417 2147 515 2228 [stan]
559 2169 608 2208 nn.
633 2153 741 2207 Iteindc
763 2155 910 2208 corriecero
926 2167 968 2206 me
983 2152 1011 2204 in
1025 2151 1197 2222 frictionem,
1221 2167 1285 2222 quar
1298 2151 1437 2220 plurimos
1452 2151 1549 2218 babet,
1572 2168 1635 2207 cunt

352 2240 453 2309 quibus
476 2238 544 2292 mibi
565 2238 636 2292 rriba‘t
658 2239 737 2293 aelim
760 2253 821 2293 esse
843 2238 1012 2293 commercii.
1078 2252 1128 2292 or.
1158 2236 1292 2291 Plurimos
1320 2234 1400 2290 habet
1423 2253 1492 2309 quos
1514 2236 1637 2293 dolemus

352 2333 378 2380 ct
402 2341 470 2396 quos
494 2322 649 2396 expediebat
674 2323 698 2377 in
723 2324 773 2378 hoc
795 2322 857 2379 albo
880 2340 934 2378 non
958 2339 1030 2382 esse.
1061 2340 1093 2378 ue
1117 2320 1329 2377 scandalizarent
1350 2319 1482 2393 plurimos
1512 2322 1537 2376 iu
1566 2322 1634 2395 lege.

416 2403 511 2484 [stan]
556 2425 606 2464 uu.
636 2408 738 2479 ltaque
767 2409 835 2463 mitri
861 2409 1017 2463 consultius
1045 2410 1132 2462 cisum
1161 2414 1202 2461 est
1228 2407 1274 2461 tric
1301 2408 1516 2477 conquiescere,
1549 2410 1638 2463 donec

319 2503 345 2541 ιι
350 2496 500 2566 principes
531 2501 558 2548 et
586 2495 693 2548 cruditi
717 2496 817 2548 studiis
840 2495 949 2548 omissis
971 2500 1110 2563 capetant
1132 2509 1165 2546 ca
1188 2492 1306 2547 consitio
1334 2507 1398 2561 quae
1426 2494 1487 2547 sine
1516 2496 1636 2549 tumidtu

348 2581 531 2650 prospiciant
552 2580 721 2649 saartqetica’
744 2581 857 2634 ceritati
876 2585 903 2634 et
923 2579 1023 2650 gloriae
1040 2578 1152 2633 Christi.
1211 2593 1261 2633 or.
1278 2576 1377 2631 Revera
1392 2578 1636 2635 consultissimum:

353 2682 412 2720 uam
443 2681 497 2719 nou
527 2672 568 2718 est
599 2663 743 2718 iucundum
773 2663 807 2719 ob
836 2681 942 2719 cruceni
965 2663 1065 2718 Cluisti
1088 2663 1304 2736 persecutionem
1327 2663 1382 2735 pati
1406 2671 1433 2718 et
1454 2664 1587 2720 coniicere
1611 2665 1637 2720 in

351 2749 494 2804 discrimen
523 2766 552 2803 se
581 2748 662 2821 longe
692 2749 832 2804 maximum
862 2748 1008 2809 bonorum.
1039 2749 1115 2804 laruae
1143 2756 1170 2803 et
1198 2747 1267 2803 vitm.
1312 2748 1363 2803 Sed
1393 2748 1494 2804 utinam
1517 2750 1568 2806 hoc
1589 2749 1638 2805 ali·

353 2835 460 2907 quaudo
485 2834 584 2889 iaciant
607 2834 743 2907 principes
767 2834 839 2907 quod
869 2836 1008 2908 expectas!
1044 2835 1183 2906 trususque
1212 2833 1310 2904 frigide
1336 2834 1491 2889 crinsultum
1520 2842 1547 2889 et
1573 2852 1637 2909 pro·

319 2930 343 2969 ts
354 2928 476 2993 spectum
499 2928 555 2981 est;
580 2936 732 2993 quanquam
756 2936 810 2974 non
833 2920 899 2974 satis
923 2918 1046 2991 intelligo
1069 2919 1132 2992 quid
1156 2918 1278 2973 hostilii
1302 2918 1382 2978 velis.
1412 2926 1441 2974 ut
1471 2921 1636 2993 prospiciant

352 3003 506 3076 evangelio:
537 3021 569 3058 au
600 3013 630 3058 ut
657 3002 742 3060 libere
765 3004 937 3077 divulgetur?
971 3004 1022 3059 hoc
1044 3014 1117 3059 certe
1139 3002 1272 3058 debebant
1294 3004 1451 3077 prospicere
1474 3005 1637 3078 posthabitis

352 3090 477 3146 omnibus
501 3090 577 3162 regui
601 3098 627 3143 et
649 3090 813 3162 privatarum
837 3107 927 3145 rerum
951 3090 1085 3162 negociis;
1115 3088 1155 3144 rel
1185 3097 1215 3143 ut
1243 3087 1431 3144 consultarent
1457 3106 1491 3144 an
1514 3091 1637 3164 expediat

352 3176 498 3247 praedicare
520 3182 547 3231 et
571 3182 600 3230 ut
623 3175 726 3247 pariter
748 3192 856 3247 quoque
879 3182 1000 3230 statuant
1022 3174 1237 3231 abominationes
1267 3174 1421 3247 pontilicis?
1456 3175 1505 3230 hoc
1528 3174 1637 3232 illorum

351 3277 406 3315 non
430 3262 544 3315 interest
567 3268 594 3315 et
617 3260 727 3332 impium
751 3268 807 3314 est:
832 3260 877 3333 qui
900 3260 970 3315 tanim
995 3277 1087 3315 sitinus
1103 3259 1244 3315 mendaces
1259 3265 1286 3313 et
1301 3258 1391 3320 nihili.
1416 3260 1462 3333 qui
1478 3261 1636 3335 sapientiam

319 3353 382 3399 soet
404 3345 513 3419 eloquia
535 3345 578 3400 clei
602 3345 789 3404 iustiheenius.
814 3345 956 3401 iustificata
980 3346 1006 3399 in
1030 3344 1192 3418 semetipsa?

396 3426 493 3507 [pisti]
517 3446 567 3486 nn.
593 3430 744 3496 Quartae
766 3433 886 3485 tamuda
911 3433 1094 3502 prospiciant
1115 3430 1285 3501 errartqelicte
1309 3432 1427 3484 ueritati.
1488 3447 1538 3488 or.
1562 3432 1638 3488 Scili-

352 3524 394 3571 eet
417 3517 475 3571 sine
500 3514 632 3576 tumultu,
658 3517 732 3588 qumi
755 3515 862 3572 ilecerni
886 3516 997 3572 statutis
1020 3524 1047 3570 at
1069 3516 1185 3572 decretis
1208 3515 1309 3588 possit.
1334 3523 1363 3570 ut
1386 3532 1464 3571 nemo
1480 3517 1637 3574 aileersetur

352 3600 506 3673 evangelio,
530 3610 557 3655 et
581 3617 699 3673 unquam
722 3600 780 3656 siue
805 3602 935 3663 tumultu,
959 3601 1138 3657 seditionibus
1160 3609 1187 3655 et
1210 3600 1341 3672 sanguine
1364 3608 1506 3657 tractatum
1526 3603 1561 3658 sit
1576 3621 1638 3659 can·

351 3687 412 3742 elide
436 3688 486 3742 hoc
510 3686 627 3741 verbum.
673 3684 727 3741 lloc
751 3693 780 3741 tu
802 3704 833 3742 es
857 3688 1001 3761 seripturis
1023 3704 1074 3742 nos
1095 3688 1170 3743 doec.

318 3783 343 3822 oo
417 3767 512 3848 [stab]
558 3788 607 3827 nn.
631 3770 720 3827 [mmo
743 3773 812 3827 milti
831 3789 1035 3843 riottnunquom
1056 3770 1114 3841 suit
1135 3774 1164 3826 in
1187 3773 1280 3826 animo
1301 3772 1461 3826 subornare
1477 3776 1636 3846 quempiam

352 3860 401 3930 qui
418 3864 593 3928 prouocanti
615 3858 670 3912 huc
693 3859 815 3928 aliquem
839 3860 988 3929 insiguiter
1010 3859 1222 3916 lutheranum;
1255 3872 1307 3912 nec
1335 3859 1409 3911 enim
1438 3860 1496 3913 ulia
1524 3875 1572 3916 res
1594 3878 1637 3915 me

347 3949 464 4013 poterat
485 3943 609 3997 liberare
631 3944 746 3997 inuidia.
814 3959 863 3999 or.
888 3942 975 3998 Habes
998 3961 1068 3999 nunc
1092 3942 1236 4013 insiguiter
1257 3942 1427 3997 hutlierauos
1456 3945 1501 4016 qui
1526 3953 1552 3999 tc
1574 3963 1638 4020 pro·

353 4035 528 4088 vocaverunt,
553 4035 582 4081 ut
604 4026 670 4082 nihil
694 4028 729 4082 sit
753 4027 804 4083 lioc
826 4045 951 4084 neeesse:
974 4046 1025 4102 ago
1042 4036 1159 4088 tantum,
1184 4036 1212 4081 ut
1228 4027 1351 4082 iuvidiam
1368 4029 1496 4083 erciitias.
1529 4031 1637 4087 audient

356 4122 396 4174 tc,
421 4129 508 4184 neque
531 4112 616 4183 inagis
639 4111 740 4186 aliquid
763 4113 873 4169 mallent
897 4131 975 4187 quam
998 4132 1012 4170 a
1037 4123 1062 4169 te
1084 4114 1183 4169 docem.

320 4206 344 4244 m
418 4192 517 4272 [tt-tas]
562 4213 610 4251 nn.
636 4198 779 4254 Hnttcnus
802 4199 873 4254 nihii
893 4202 986 4254 astaus
1008 4207 1050 4255 cst
1071 4217 1156 4271 quam
1180 4197 1370 4254 lutheranis.
1436 4216 1486 4256 or.
1510 4200 1638 4276 Quisquis

352 4290 410 4343 cst,
434 4282 583 4337 virbonus
606 4291 633 4336 et
656 4283 717 4355 pius
739 4283 804 4344 luit,
827 4292 855 4340 et
878 4283 985 4340 habitus
1008 4294 1050 4341 est
1074 4302 1190 4359 semper.

416 4361 513 4443 [titt]
558 4383 606 4422 nn.
630 4368 689 4423 Nec
712 4386 837 4440 unquam
860 4377 916 4425 tam
939 4373 1112 4426 materensi
1136 4374 1171 4426 de
1193 4370 1380 4435 lutheranis,
1413 4378 1443 4426 nt
1470 4374 1637 4443 suspicarer

351 4454 463 4509 illorum
493 4468 655 4524 quenquam
689 4455 759 4508 tales
792 4456 996 4526 sycophantias
1024 4459 1052 4512 in
1081 4472 1242 4528 quenquam
1270 4457 1403 4511 scribere.
1479 4473 1530 4514 or.
1552 4458 1636 4514 llulto

352 4540 441 4594 sitinus
470 4556 504 4593 ne
530 4538 710 4593 somniassent
739 4556 848 4612 quoque
871 4548 924 4596 tam
949 4542 1070 4614 impiam.
1098 4559 1243 4614 nugacem,
1273 4540 1490 4615 sycophanticum
1514 4551 1541 4598 ct
1563 4561 1637 4600 acer·

319 4622 490 4684 mbissiinam
514 4623 660 4696 Spongiam
683 4623 716 4678 ab
738 4624 897 4697 Ei'angelico
920 4634 945 4680 et
970 4634 1023 4681 tam
1047 4627 1104 4682 sine
1128 4626 1191 4682 lello
1213 4636 1240 4683 et
1263 4626 1310 4682 bili
1333 4625 1472 4699 theologo.

417 4704 515 4785 [aaut]
560 4725 609 4764 sn.
637 4708 744 4775 Quodsi
764 4712 901 4766 rationem
929 4713 1062 4768 haberem
1082 4716 1262 4784 priuatorum
1290 4715 1543 4783 incommodorum,
1566 4718 1638 4773 ostili

353 4876 554 4886 —.-—--—

421 4977 440 5009 ¹⁴
460 4978 613 5028 confundar
632 4982 656 5028 1.
675 4982 763 5028 sedin
782 4984 877 5031 erratis
895 4997 964 5030 corr.
1020 4980 1040 5013 ¹⁵
1059 4982 1200 5034 babentia.
1215 4987 1241 5033 3.
1295 4982 1316 5015 ¹⁷
1334 4998 1400 5048 quos
1420 4987 1444 5036 t.
1466 4987 1514 5036 sed
1534 4989 1559 5036 ιἰι
1583 5005 1636 5040 err.

352 5079 421 5112 corr.
458 5079 524 5127 qnos
544 5069 567 5113 t.
621 5064 752 5128 plurimus
772 5068 795 5114 1.
848 5065 871 5096 ³⁵
889 5067 946 5116 Imo
966 5071 991 5116 3.
1039 5067 1062 5099 ⁴³
1081 5066 1269 5133 licophantias
1288 5072 1346 5119 tt.
1398 5067 1613 5137 “sicophhz
