3934 6034
436 686 509 755 270
608 701 803 752 CCCXXXIII.
819 716 936 750 seoriam
950 716 1053 750 snusut
1067 716 1208 752 novensvs
1221 716 1393 751 usesuotuss
1407 718 1538 752 avundus.

434 880 493 931 tate
511 880 653 948 perpetuo
668 879 765 947 posset
788 875 839 931 uti.
883 867 960 930 *sed
979 874 1067 931 iidem
1088 876 1139 946 qai
1155 873 1362 947 permittebant
1380 873 1549 948 hospitium,
1567 875 1715 932 admone-

433 975 517 1043 bant,
538 982 715 1049 temperaret
735 990 755 1031 a
777 974 868 1031 uerbis
888 975 966 1033 unde
988 978 1125 1032 tumuitus
1146 977 1262 1047 aliquid
1281 959 1366 1034 rtusci
1378 983 1491 1049 posset,
1513 977 1715 1035 multominus

425 1077 629 1150 'approbaturi
644 1079 717 1134 tales
737 1077 859 1134 libellos.
905 1077 1009 1133 l'crum
1029 1079 1106 1150 siqui
1123 1085 1191 1136 sunt
1209 1094 1280 1151 quos
1298 1094 1354 1136 non
1373 1085 1484 1150 qruuat
1502 1079 1567 1135 brec
1589 1077 1714 1146 inuidia,

431 1180 595 1237 cuiusmodi
613 1186 681 1236 sunt
697 1181 781 1237 multi
800 1180 891 1251 iqnoti
912 1186 965 1236 uut
985 1187 1044 1237 tam
1064 1186 1194 1253 potentes
1214 1189 1245 1238 ut
1264 1182 1376 1254 possint
1396 1187 1592 1252 contemnere,
1615 1174 1716 1252 *quid

433 1282 488 1340 boc
509 1282 631 1352 adme,
659 1282 711 1353 qui
731 1283 782 1338 uir
802 1280 923 1338 subsisto
941 1281 1084 1339 aduersus
1104 1282 1259 1353 iuvidiam,
1284 1299 1338 1340 uec
1359 1283 1451 1341 liabeo
1472 1288 1711 1355 quamebrem,
1733 1298 1745 1337 s

363 1385 491 1444 §.suntsi
510 1384 601 1441 solam
620 1378 838 1441 innocentium?
869 1382 987 1441 Desinet
1004 1391 1099 1442 autem
1124 1386 1232 1442 mirari
1252 1401 1297 1442 me
1317 1387 1463 1443 tantillum
1484 1391 1611 1442 metuere
1631 1385 1714 1441 inci-

433 1487 524 1557 diant,
553 1499 612 1557 quo
634 1486 716 1543 nullo
733 1487 825 1559 pestis
847 1488 1004 1556 nocentior,
1034 1488 1086 1558 qui
1101 1487 1309 1560 perpenderit,
1331 1488 1411 1560 quod
1429 1488 1616 1545 *cardinalis
1641 1485 1712 1543 Mo-

428 1588 569 1660 quntinus
587 1588 703 1660 pridem
719 1586 876 1645 Hutteuum
898 1604 987 1645 esua
1006 1587 1128 1659 familia
1149 1589 1304 1659 dimiserit,
1327 1606 1384 1646 uon
1403 1590 1438 1647 ob
1460 1589 1545 1647 aliud
1561 1589 1619 1645 nisi
1631 1588 1715 1660 quod

431 1691 520 1747 nollet
544 1706 600 1763 per
626 1690 707 1748 illum
736 1690 848 1747 inuidia
875 1691 1046 1763 depravari.
1089 1690 1287 1748 '³¹Fr·auciscus
1308 1689 1483 1765 Spcbenius,
1512 1707 1569 1763 quo
1589 1692 1713 1748 consilio

431 1792 540 1850 dimisit
557 1790 714 1849 Huttenum
742 1793 779 1850 ab
799 1809 874 1863 sese,
899 1794 956 1850 nisi
976 1795 1047 1866 quio
1067 1794 1174 1851 uitabat
1192 1790 1355 1852 inuidiam?
1387 1788 1468 1863 *Oui
1485 1792 1611 1850 Huttano
1632 1809 1711 1849 sau·
1725 1810 1747 1849 ιο

429 1895 520 1967 paine
545 1895 772 1953 coniunctissimi
795 1900 875 1964 munt,
907 1912 984 1968 quur
1004 1897 1118 1953 malunt
1136 1898 1219 1953 illum
1241 1895 1341 1953 abesse
1361 1913 1381 1952 a
1399 1895 1627 1969 possessionibus
1646 1911 1711 1968 pa-

431 1998 536 2067 ternis,
566 1997 624 2054 nisi
644 1997 723 2069 qnod
743 2003 872 2055 metuunt
892 1993 1057 2056 inuidiam?
1088 1998 1162 2055 Haec
1180 2014 1246 2056 cum
1274 2000 1350 2056 uuiti
1372 2000 1430 2055 sint
1458 1998 1597 2067 obscura,
1629 1998 1711 2054 solus

363 2111 420 2161 §.³r.
432 2097 574 2156 Erasmus
592 2101 690 2156 metuit
704 2098 854 2156 inuidiam.
888 2098 961 2158 ‘Non
980 2103 1108 2173 oportuit
1126 2103 1272 2159 contemni
1291 2116 1374 2173 quem
1396 2117 1480 2172 repes
1499 2115 1536 2156 oc
1556 2100 1711 2172 principes

430 2201 546 2273 diqnoti
564 2206 632 2258 suut
652 2203 779 2273 alloquio
801 2199 870 2260 suo!
912 2202 970 2260 Per
992 2218 1130 2260 mesonc
1152 2219 1209 2261 riou
1230 2205 1378 2260 minuetur
1404 2205 1540 2260 maiestas
1560 2199 1713 2258 Hutteuici

429 2304 562 2362 nominis.
614 2304 667 2361 sed
692 2319 749 2361 non
774 2306 929 2362 coutemnit
953 2306 1005 2377 qui
1031 2306 1161 2363 declinat
1187 2306 1341 2375 inuidiam,
1372 2306 1430 2361 nisi
1452 2301 1532 2373 sorte
1558 2309 1744 2361 contemnam

428 2421 527 2478 repem
552 2405 702 2464 Gallorum
730 2407 782 2479 qui
806 2422 851 2465 me
870 2407 999 2479 cupidus
1019 2408 1159 2481 cupidum
1181 2414 1331 2481 eupectut,
1360 2414 1389 2464 et
1407 2406 1450 2463 ad
1468 2409 1588 2463 satutem
1612 2421 1709 2462 meum

426 2507 592 2582 pertinebat
608 2523 670 2565 esse
692 2509 722 2565 in
744 2509 852 2566 Gallia.
895 2515 1035 2567 ettamen
1059 2510 1187 2567 abstinui
1206 2517 1334 2567 metuens
1356 2510 1510 2577 inuidiam,
1531 2508 1611 2581 quod
1631 2510 1710 2565 inter

361 2612 511 2679 §.millum
532 2617 561 2669 et
582 2609 728 2667 Cesarea
756 2610 885 2668 nondumt
906 2614 977 2669 satis
1001 2614 1162 2673 conueniat.
1208 2612 1300 2682 ζιιιιιιιι
1321 2627 1410 2669 essem
1424 2612 1563 2685 proxime
1584 2607 1709 2681 Bruqis,

432 2712 593 2771 detrectari
610 2714 782 2785 colloquium
802 2715 881 2786 repis
902 2715 1056 2772 cuiusdam
1078 2717 1203 2772 tenuantis
1224 2716 1292 2783 mei,
1313 2730 1370 2771 nou
1386 2714 1465 2786 quod
1485 2722 1709 2781 contemnerem,

429 2809 506 2872 *sed
534 2813 614 2888 quod
639 2815 709 2872 inde
734 2822 888 2874 metuerem
917 2817 1057 2875 invidiam
1085 2833 1104 2873 a
1132 2816 1377 2886 Romanensibus,
1406 2831 1493 2888 quam
1522 2823 1617 2872 laima
1647 2830 1745 2872 noum

360 2939 418 2988 suo,
426 2919 511 2992 potui
526 2933 653 2990 prorsus
669 2915 810 2989 effupere.
857 2918 949 2991 Atque
971 2920 1081 2976 utinam
1110 2919 1252 2977 liutteuus
1279 2920 1327 3005 ita!
1347 2926 1535 2992 temperasset
1555 2932 1610 2973 suo
1632 2932 1705 2974 con-

427 3022 508 3090 silio,
529 3022 574 3077 uti
590 3020 832 3091 quemadmodum
853 3028 912 3079 tum
931 3029 1064 3095 respectu
1083 3024 1228 3096 principis
1247 3024 1306 3093 sui,
1326 3023 1409 3079 cneius
1426 3022 1576 3091 neqocium
1591 3019 1708 3090 apelnrt,

427 3123 586 3194 honorifice
607 3128 744 3195 acceptus
770 3130 813 3181 est
835 3124 920 3198 apud
941 3124 1057 3182 Gallos:
1087 3126 1151 3182 *itu
1171 3129 1249 3181 nunc
1270 3140 1383 3196 quoque
1407 3125 1484 3180 iuter
1504 3137 1626 3193 tritrpnos
1648 3121 1709 3178 lto-

360 3225 544 3293 §.roboretur
560 3226 709 3296 protiosus
729 3232 881 3298 possetque
902 3226 940 3283 ab
959 3227 1090 3285 omnibus
1110 3229 1186 3285 citro
1208 3225 1349 3283 inuidiam
1369 3226 1469 3281 amari
1479 3218 1601 3296 colique.
1639 3222 1708 3280 lom

426 3338 495 3386 nero
520 3327 593 3384 milti
617 3327 683 3384 uide
710 3342 798 3400 quam
820 3329 950 3387 odiosum
976 3345 1097 3387 causum
1123 3330 1349 3387 comminiscitur
1376 3327 1529 3384 detrectati
1554 3326 1708 3396 colloquii:
1718 3342 1744 3382 ιι

425 3426 533 3488 *dicas
562 3432 685 3503 equitem
709 3447 772 3489 esse
798 3439 899 3488 nutum
924 3447 980 3489 uon
1008 3432 1051 3489 od
1075 3431 1279 3504 equitandum,
1308 3430 1362 3486 sod
1384 3429 1427 3486 atl
1446 3427 1707 3486 calumniandum:

424 3532 550 3590 sciebam
571 3533 681 3605 ipsum,
710 3540 741 3590 ut
762 3534 817 3603 ait,
849 3534 986 3605 quaedum
1014 3549 1124 3592 mcctun
1145 3535 1414 3607 expostulaturum,
1445 3538 1532 3603 atque
1550 3529 1615 3586 ideo
1634 3530 1709 3587 milti

339 3673 343 3682 »
424 3636 501 3692 mole
521 3636 654 3692 conscius
671 3634 840 3708 supitobam
863 3636 942 3694 iltius
962 3638 1130 3709 alloquium.
1175 3635 1257 3692 l'nde
1278 3634 1396 3692 totidem
1416 3635 1472 3690 isto
1495 3648 1570 3689 noua
1584 3629 1709 3689 Hutteni

425 3737 581 3807 autoritas,
608 3743 640 3793 ut
659 3738 740 3796 illum
764 3740 1010 3811 commodantem,
1032 3754 1124 3795 senen
1144 3740 1274 3795 iuuenem
1296 3738 1438 3794 sustinere
1459 3751 1516 3792 nou
1533 3732 1706 3808 potuerim?

357 3839 505 3909 §.inuade
528 3844 647 3912 repente
667 3855 707 3897 ex
724 3838 850 3898 Hutieno
869 3839 971 3911 foetus
990 3846 1033 3898 est
1050 3839 1121 3898 Cato
1141 3835 1312 3899 censorius?
1341 3838 1418 3896 Sold
1437 3839 1505 3896 olim
1525 3853 1636 3895 meeum
1655 3840 1742 3895 [ιι-ιο

424 3957 515 4014 quens
535 3947 713 3999 reverentem
727 3943 877 4015 quandam
900 3944 1068 4001 modestiam
1083 3958 1152 4017 pra
1170 3960 1201 4000 se
1219 3942 1319 4014 serre,
1342 3957 1408 4014 quae
1421 3948 1500 3998 certe
1516 3941 1610 4011 maqis
1624 3941 1705 3996 illius

424 4043 545 4102 decebm
567 4050 681 4101 aetatem
708 4060 796 4117 quam
824 4047 880 4103 ista
907 4047 1018 4118 linqua
1042 4047 1207 4119 calamique
1230 4046 1404 4119 petulantia.
1447 4042 1508 4100 Sed
1529 4042 1607 4099 irride
1628 4058 1704 4099 eou-

356 4150 533 4210 §.rur'ecturc
549 4148 647 4220 potui,
668 4147 747 4219 quod
762 4147 883 4205 liaberet
898 4147 1014 4220 aliquid
1033 4148 1113 4219 quod
1130 4163 1241 4204 mecum
1263 4149 1347 4205 uellet
1367 4140 1578 4219 expostulare?
1609 4144 1702 4213 (tuum

423 4256 496 4308 esset
515 4248 668 4334 Slctstodii
687 4247 734 4327 (ut
754 4250 854 4307 scribit
873 4252 902 4308 in
927 4251 988 4307 suis
1010 4250 1053 4306 ad
1072 4264 1117 4306 me
1136 4247 1259 4329 literis),
1282 4249 1407 4307 dederat
1426 4247 1481 4305 ltoc
1501 4249 1531 4305 in
1553 4247 1703 4304 mettdotis

424 4350 518 4410 Beato
533 4351 689 4424 litterano,
711 4359 743 4410 ut
758 4353 831 4411 mibi
848 4354 1031 4425 siquificaret
1052 4367 1114 4410 esse
1135 4352 1214 4424 quod
1231 4353 1260 4410 iu
1283 4368 1328 4410 me
1349 4351 1533 4409 desideraret
1546 4348 1738 4407 diuturnus-..s

422 4524 621 4533 v———-—

500 4626 570 4676 ⁹Do
589 4626 738 4676 Francisco
757 4625 899 4691 Siokingio
927 4632 955 4675 ot
982 4625 1113 4675 fratribus
1135 4626 1252 4674 Huttoni
1275 4623 1446 4673 utendos-ium
1469 4622 1537 4670 dicit
1560 4622 1699 4679 Erasmus,

420 4716 451 4759 ut
469 4712 606 4760 sexcentis
625 4710 687 4760 aliis
705 4711 785 4760 huius
804 4710 930 4776 Spongia*
949 4710 1026 4760 locis.
1079 4709 1099 4742 ¹³
1117 4712 1176 4759 Non
1231 4707 1288 4773 suo]
1309 4710 1351 4758 ct.
1365 4709 1473 4756 omnino
1487 4709 1597 4770 Expost.
1610 4707 1699 4765 §5113
1729 4749 1732 4756 .

421 4795 558 4846 intuor.
628 4795 649 4826 ¹⁰
667 4795 709 4845 Cs.
724 4810 805 4860 supra
818 4812 842 4860 p.
860 4794 914 4844 168.
929 4811 967 4860 sq.
1039 4793 1314 4859 19ιι·,[,νί3]1)ιιιιιιιιιιιιΙ
1382 4790 1404 4823 ²²
1432 4792 1474 4840 Cf.
1495 4792 1546 4841 vol.
1562 4792 1582 4840 1.
1601 4809 1625 4856 p.
1642 4792 1699 4841 162.

421 4899 446 4930 v.
460 4882 499 4931 ll.
518 4898 543 4946 p.
555 4880 608 4929 171.
627 4881 650 4940 ξ.
663 4881 686 4928 2.
723 4878 743 4910 ³⁴
762 4880 860 4945 literis]
879 4898 928 4930 uon
946 4881 1111 4930 restantibus.
1153 4879 1176 4911 ³⁵
1188 4880 1362 4944 Significavit
1375 4879 1457 4927 etium
1471 4878 1540 4926 satis
1554 4883 1649 4940 operte
1664 4878 1699 4926 ad

421 4968 506 5031 ipsum
519 4968 657 5015 Erostnum
672 4966 782 5030 scriptis
796 4966 920 5032 epistulis
933 4966 1137 5016 11.CLXXXIV.
1152 4970 1178 5013 et.
1197 4965 1249 5014 CC.
1270 4980 1352 5029 supra
1371 4964 1504 5027 repetitis.
1529 4961 1701 5011 Cantnverat

421 5051 472 5100 tibi
491 5052 580 5114 tibiis,
600 5053 728 5109 licuitne,
752 5052 800 5101 sed
818 5068 871 5101 non
888 5051 1007 5102 sallusti.
