3934 6034
495 705 692 756 cccxxxlss.
713 719 948 756 mosomensem
962 720 1105 757 incuses
1119 720 1292 755 ieiunemus
1307 720 1438 754 immissi.
1538 689 1611 761 305

323 893 390 935 cam
412 895 497 937 verso
517 881 593 953 tqpis
618 879 826 953 publicarunt,
853 886 970 952 prater
990 881 1053 937 alia
1080 878 1216 952 quiedam
1241 879 1387 935 inciuilius
1411 880 1498 937 etiam
1526 882 1610 938 eral-

320 976 417 1051 qatn?
448 981 521 1053 quid
545 982 659 1053 eqerint
682 983 734 1053 qui
760 982 912 1055 epistolam
940 982 984 1039 od
1006 981 1193 1040 cardinalem
1221 979 1473 1052 lllopantineusem
1501 989 1611 1041 secreto

321 1085 463 1157 scriptam
491 1100 545 1141 nec
571 1083 724 1141 cardinali
744 1083 941 1142 reddiderant
967 1090 995 1141 et
1021 1099 1113 1156 opera
1136 1081 1389 1156 tqpoqrupleorum
1411 1081 1610 1156 conmanunt?

321 1184 396 1256 quid
415 1185 500 1242 aliud
520 1184 648 1257 euenum
665 1186 727 1254 isti,
746 1186 805 1243 nisi
822 1190 853 1242 ut
869 1184 984 1243 obsides
1000 1184 1143 1242 lioberent
1160 1201 1199 1242 erc
1216 1201 1276 1256 me,
1295 1201 1332 1242 ne
1350 1182 1517 1245 resilirem?
1534 1186 1609 1246 Hac

299 1285 474 1344 suentana
494 1289 605 1359 attinqo
627 1303 694 1360 quic
714 1287 874 1359 orantisesta
897 1295 977 1358 sunt,
997 1302 1111 1361 possem
1134 1294 1162 1345 et
1180 1289 1257 1345 alicus
1278 1303 1408 1344 narrare
1425 1286 1564 1359 solidas,
1582 1292 1610 1348 si

320 1387 419 1445 libeat.
462 1388 549 1447 Illud
576 1389 765 1463 deprehendo
787 1388 886 1461 ferme
912 1392 942 1448 in
968 1389 1100 1448 omnibus
1128 1390 1181 1462 qni
1206 1406 1268 1447 sese
1289 1387 1506 1459 transactioni
1535 1391 1595 1448 ud·
1608 1396 1675 1446 iens.

319 1489 439 1562 elicere,
461 1492 542 1564 qnod
562 1491 806 1565 quemadmodum
825 1495 877 1565 qui
897 1494 927 1550 in
948 1507 1057 1565 aquam
1080 1490 1198 1564 delapsi
1211 1497 1291 1560 sunl,
1315 1506 1517 1565 quemcunque
1531 1509 1606 1566 pos-

317 1599 386 1649 sunt
410 1600 564 1667 arreptum
591 1611 688 1653 secum
710 1594 894 1668 pertendunt
914 1596 945 1651 in
969 1596 1107 1663 exitium,
1139 1595 1226 1651 etium
1246 1595 1354 1666 siquis
1373 1595 1608 1667 periclitantibus

318 1702 441 1752 conetur
462 1712 652 1767 succurrere,
674 1698 715 1754 itu
738 1698 786 1754 isti
805 1714 861 1771 per
883 1712 995 1755 omnem
1017 1698 1197 1755 occasionem
1218 1711 1404 1768 quoscunque
1419 1704 1543 1769 possunt
1555 1699 1606 1755 in-

285 1797 433 1854 meolnere
463 1799 581 1856 student
612 1800 760 1858 cummuni
782 1802 930 1872 periculo,
963 1801 1051 1857 etiam
1079 1800 1143 1856 illos
1166 1814 1224 1872 per
1253 1813 1325 1871 quos
1352 1805 1489 1873 poterunt
1515 1802 1608 1857 eirena

314 1901 457 1970 periculo.
501 1900 634 1974 lienique
659 1908 793 1975 exponat
817 1901 897 1960 nolis
925 1901 1071 1960 Hnttenas
1098 1900 1171 1973 quid
1194 1902 1317 1958 senserit
1337 1915 1426 1974 quum
1454 1898 1688 1962 scriberemus

316 1998 383 2058 leuc
401 2001 503 2077 nerlu,
527 2002 640 2061 ‘Nullos
661 2003 752 2062 libros
771 2004 881 2061 scribes
901 2005 1052 2077 meliores,
1080 2005 1107 2060 si
1119 2009 1215 2061 tomen
1230 2005 1303 2061 ullos
1317 1999 1444 2074 scribes',
1464 2010 1493 2061 et
1503 2012 1604 2077 postea

316 2109 403 2175 uepet
422 2120 485 2162 csse
513 2107 566 2178 qui
585 2107 614 2162 ui
640 2113 783 2163 conentur
800 2106 990 2179 pertrulierc.
1034 2105 1159 2163 Interim
1179 2106 1222 2163 ait
1241 2120 1287 2162 me
1308 2104 1384 2163 nillil
1403 2122 1509 2179 apere,
1537 2123 1603 2165 cum

317 2204 424 2276 definis
451 2207 578 2280 pedidus
607 2207 738 2266 inteream
766 2209 796 2265 in
822 2207 955 2278 suctione
974 2207 1162 2278 lietherunu,
1197 2210 1241 2265 eel
1268 2207 1359 2266 lilros
1380 2224 1458 2267 meos
1477 2216 1604 2268 staturos

282 2306 354 2365 {salt
374 2309 459 2381 ipsis,
490 2312 517 2366 sl
536 2325 590 2382 eqo
617 2313 747 2369 nioeime
776 2309 924 2382 defecero.
970 2309 1076 2381 Oiioeso
1105 2317 1132 2368 te
1159 2311 1263 2380 lector,
1296 2312 1348 2383 qui
1368 2310 1434 2369 lenc
1455 2311 1557 2370 scriiit
1576 2320 1605 2370 et

314 2411 368 2481 qui
387 2411 540 2469 minitatur
559 2415 749 2486 nescioquas
769 2415 908 2487 epistolas
929 2429 1079 2485 arcemus,
1109 2429 1169 2485 qua
1189 2410 1291 2482 fronte
1307 2413 1442 2484 dandal,
1471 2421 1503 2472 ut
1526 2430 1602 2488 pro-

310 2510 414 2582 feram
439 2515 491 2585 qni
508 2514 620 2573 technis
638 2531 675 2573 ac
694 2516 724 2572 ui
741 2531 786 2573 nie
805 2522 947 2574 cernentur
964 2513 1142 2589 pertrahere
1160 2515 1190 2571 in
1202 2512 1366 2585 factionem
1379 2513 1603 2575 Lietleerannm?

312 2614 366 2671 sed
394 2617 447 2687 qui
465 2615 559 2675 meret
580 2618 686 2689 definis
706 2618 831 2692 pedibus
851 2619 876 2675 is
900 2618 952 2690 qui
969 2623 1114 2691 perpetuo
1137 2621 1166 2674 et
1190 2623 1359 2675 constanter
1382 2626 1535 2677 auersatus
1560 2627 1604 2677 est

310 2714 486 2790 sortientem,
511 2722 563 2793 qni
582 2720 753 2779 dehortatus
770 2725 814 2778 est
834 2722 962 2778 omnium
979 2721 1098 2794 primns
1121 2737 1140 2777 o
1158 2720 1327 2793 periculoso
1343 2718 1486 2793 neqociol
1507 2722 1669 2792 (lauduuo.

277 2819 345 2877 eoin
368 2819 452 2878 liaris
472 2824 543 2880 meis
563 2829 624 2899 est,
657 2825 788 2895 inficiari
815 2839 872 2881 non
897 2838 1018 2897 possum
1044 2827 1073 2880 et
1100 2820 1241 2880 lniclenus
1266 2829 1376 2880 tutatus
1402 2840 1466 2882 sum
1493 2825 1602 2898 nosque

310 2922 464 2994 presidiis
485 2922 624 2993 liutteni,·
648 2926 773 2998 quodsi
795 2925 865 2983 liltri
891 2927 950 2983 mci
969 2924 1108 2983 docerent
1128 2924 1232 2981 eudem
1254 2941 1322 2997 quoe
1343 2925 1428 2984 docet
1443 2925 1599 3000 lutherus,

311 3041 401 3096 quum
421 3025 543 3085 irrideam
562 3033 622 3086 tarn
644 3030 748 3086 nudtos
768 3029 923 3100 insiqniter
942 3026 1090 3098 infensos,
1111 3026 1188 3084 idem
1206 3025 1324 3084 lionoris
1343 3030 1510 3087 retulissent
1523 3033 1602 3103 quod
1674 3060 1681 3072 ·

310 3130 476 3185 retulerunt
497 3129 567 3188 libri
586 3130 717 3188 Lullieri.
770 3132 807 3188 ‘A
833 3130 914 3188 scobis
935 3126 1066 3187 stabunt'
1092 3130 1195 3202 inquit.
1241 3125 1413 3202 Aquilius?
1443 3135 1525 3190 toties
1545 3134 1600 3193 ltoe

308 3244 470 3304 pronomen
493 3229 591 3289 ‘rionis'
614 3235 759 3306 occurrit,
788 3249 876 3306 qnnm
898 3232 1057 3291 Huttennm
1078 3248 1133 3290 nec
1152 3231 1299 3291 Leellerus
1320 3245 1476 3307 oqrtoscat,
1504 3253 1599 3310 neque

274 3334 464 3405 osquisqnum
489 3334 678 3394 Lntlreranus
704 3338 798 3409 panlo
823 3336 984 3395 cordatior.
1026 3332 1135 3393 Similis
1156 3333 1274 3406 farinae
1294 3341 1387 3394 estet
1412 3337 1490 3395 illud
1509 3340 1664 3412 quodi-m.

309 3437 464 3494 minitatur
490 3436 574 3509 sore,
608 3445 639 3495 ut
667 3440 694 3494 si
719 3439 792 3511 quid
815 3438 960 3497 occiderit
985 3438 1071 3511 parti
1089 3435 1287 3513 Latlterunee,
1320 3439 1412 3496 nileilo
1434 3440 1532 3498 mitius
1552 3457 1597 3500 me

309 3546 417 3596 tractet
432 3556 509 3612 pars
529 3541 653 3611 victria,
676 3557 765 3613 quam
780 3557 845 3613 nos,
868 3541 970 3614 inquil.
1015 3541 1105 3613 Atqui
1123 3555 1178 3612 eqo
1198 3557 1255 3599 non
1277 3540 1377 3599 indici
1394 3540 1499 3600 bellum
1516 3561 1595 3618 pon-

308 3642 381 3712 tifici
396 3640 542 3715 Romano,
564 3657 621 3700 non
639 3644 748 3717 scripsi
761 3644 896 3717 postillas
918 3644 948 3700 in
968 3642 1080 3701 biellam
1099 3644 1260 3716 pontificis,
1283 3659 1341 3702 non
1358 3643 1514 3717 professus
1531 3664 1594 3705 sum

306 3751 498 3816 protectorem
513 3744 694 3805 Lntlreronec
705 3744 860 3817 factionis,
883 3762 940 3805 non
959 3745 1134 3804 aduersatus
1148 3761 1210 3803 sum
1226 3745 1320 3805 edicto
1338 3745 1476 3807 Coesaris.
1508 3748 1585 3818 Ouid
1594 3757 1661 3807 §.m-2.

271 3850 405 3904 nunidem
434 3847 490 3904 sibi
515 3850 578 3906 uult
602 3848 678 3906 illud
705 3850 740 3907 ‘si
760 3849 833 3920 quid
853 3844 1034 3908 accederit'?
1061 3864 1100 3905 an
1124 3863 1181 3906 non
1200 3851 1292 3922 plone
1315 3851 1405 3908 uincit
1429 3867 1466 3908 ac
1487 3859 1595 3923 reqnut

302 3964 381 4021 pars
402 3948 531 4007 Lutleero
560 3946 710 4008 aduersa?
741 3967 781 4009 an
808 3967 865 4009 non
895 3952 1036 4010 leacteuus
1057 3953 1197 4009 inermem
1222 3966 1268 4009 me
1295 3956 1420 4025 exposui
1440 3951 1594 4014 omnious?

306 4049 386 4120 Quid
401 4050 519 4122 sactum
540 4047 741 4111 estErusmo?
764 4052 868 4111 Casae
887 4054 1053 4124 leonorauit,
1075 4055 1151 4112 idem
1169 4052 1245 4125 fecit
1264 4053 1491 4127 Ferdinnndus‚
1509 4073 1591 4131 pou-

304 4151 383 4223 lifes
407 4153 497 4225 offert
516 4162 546 4212 et
565 4158 725 4214 aneiritium
747 4165 776 4215 et
800 4156 971 4229 fortunam·
1000 4163 1112 4216 terretian
1140 4158 1239 4215 insani
1259 4157 1380 4229 quidum
1403 4157 1540 4230 tremum
1560 4162 1589 4217 in

303 4271 363 4327 me,
392 4255 489 4314 deuoti
512 4259 606 4317 liostes
628 4259 771 4317 minearum
798 4261 969 4329 literarum,
1002 4258 1106 4331 quilius
1127 4258 1271 4318 Hutlenus
1299 4260 1354 4318 lnoe
1380 4259 1476 4319 libello
1503 4264 1593 4321 uoluit

267 4360 484 4432 espralilirari,
516 4368 595 4419 certe
613 4363 801 4434 prolificatus
821 4367 872 4419 est.
912 4377 1083 4433 quanquam
1106 4364 1159 4434 qui
1173 4368 1394 4435 persequuntur
1409 4362 1659 4438 dunelmensem.

302 4477 361 4518 non
382 4464 438 4520 ista
460 4478 638 4538 tnaqriopere
658 4463 808 4523 obiiciunt.
847 4462 924 4523 Sunt
950 4466 1014 4522 aliu
1043 4465 1197 4537 quadarn,
1228 4466 1258 4521 in
1280 4464 1383 4537 quibus
1406 4464 1522 4538 soletur
1543 4484 1589 4525 me

300 4581 358 4622 uon
380 4566 568 4624 coniinurisse
586 4567 665 4624 socia
685 4582 781 4625 armo.
825 4565 864 4623 Et
883 4566 921 4624 al)
943 4566 990 4624 ln‘s
1010 4568 1114 4625 amicis
1130 4568 1202 4640 plns
1221 4571 1266 4624 est
1285 4568 1331 4625 illi
1346 4570 1480 4640 periculi
1499 4587 1587 4643 quum

367 4716 452 4783 ²qui}
480 4718 538 4767 vult.
557 4718 644 4782 ipsum
663 4718 824 4767 Huttenum,
903 4716 922 4749 ¹¹
942 4715 1036 4782 scrin]
1060 4733 1114 4766 nou
1132 4723 1196 4766 sunt
1213 4717 1272 4767 linea
1293 4719 1352 4783 ipsa
1370 4719 1455 4768 verba
1474 4722 1586 4786 Expost.

298 4803 387 4862 §.⁸22st
425 4801 446 4834 ¹⁸
459 4800 509 4867 nit]
524 4802 776 4869 ei.Expost.§.2‘2‘l.
817 4800 838 4832 ²⁸
853 4800 918 4867 inq]
933 4802 980 4851 ned
995 4802 1078 4851 nliter
1090 4806 1194 4868 exponi.
1208 4805 1248 4863 ἕξ.
1257 4803 1314 4851 229.
1323 4820 1363 4868 sq.
1377 4803 1434 4853 269.
1450 4805 1486 4854 cf.
1496 4806 1584 4865 §.mn

298 4886 320 4918 ²⁰
339 4885 437 4952 minit.]
458 4890 493 4937 cs.
509 4890 620 4953 Expost.
634 4892 657 4948 §-
671 4887 729 4936 210.
745 4904 802 4951 sqq.
830 4888 963 4952 imprimis
981 4891 1004 4947 ς’.
1018 4887 1076 4937 ⁶217.
1096 4888 1187 4937 Verba
1200 4889 1352 4937 Hutteuicn
1370 4889 1486 4941 detorsit
1505 4893 1584 4942 Eros·

299 4990 366 5023 mue.
414 4975 576 5023 initiusio.
625 4976 713 5023 minus
734 4975 757 5021 1.
771 4989 827 5038 sqq.
879 4970 902 5002 ²¹⁸
920 4973 962 5022 Cf.
978 4973 1036 5022 ind.
1051 4973 1118 5024 bibl.
1137 4990 1162 5023 ιι.
1177 4974 1290 5024 xxxii.
1343 4973 1531 5043 ⁸⁰ilindele·.]
1558 4980 1585 5027 iu

297 5062 410 5125 Expost.
430 5074 483 5108 non
502 5059 638 5125 leguntur.
661 5110 664 5118 ,

356 5148 486 5198 annnni
507 5147 574 5196 Oen.
595 5161 657 5196 voi..
672 5145 708 5195 11.
1327 5145 1367 5207 20
