3934 6034
443 633 514 703 374
553 646 791 697 ctfcxxxxnlt.
812 664 942 698 irmerru
956 663 1058 697 sensui
1072 664 1174 698 hinem
1188 665 1223 699 on
1238 663 1355 698 seonnar
1370 663 1472 697 rassin
1486 661 1679 698 uererentur.

443 822 631 882 notissimum,
654 821 832 895 onmilmsque
855 822 907 896 piis
930 822 1199 884 imlohitatissunum,
1229 822 1310 878 veluti
1335 840 1430 878 vaimm
1454 821 1608 896 qnempiam
1632 838 1663 876 ae
1685 828 1724 875 tn·

443 908 607 964 rriirltuosmn
624 906 768 962 horniuem.
808 907 889 962 l'iileo
909 907 1027 963 iaorulum
1045 907 1196 978 intelligere
1214 908 1351 963 Erasrtmm
1370 926 1450 981 qnam
1468 924 1523 963 non
1541 905 1631 980 pessit
1648 922 1724 961 eran·

443 993 543 1067 gelimn
560 1002 660 1066 praeter
676 991 819 1047 titiimltnm
839 992 980 1066 prmulieari
998 1010 1074 1048 rere:
1097 993 1147 1052 ah,
1171 992 1217 1054 ah.
1239 993 1340 1066 relegit
1357 1011 1463 1048 rrueem
1482 991 1622 1051 Erasmus,
1646 1007 1722 1063 quam

444 1089 532 1135 tamen
559 1095 611 1132 nou
633 1077 793 1148 ilerlignmus
822 1087 863 1133 est
892 1078 963 1132 lerre
988 1078 1029 1133 rlei
1052 1078 1137 1138 lilius,
1161 1078 1291 1151 rrragister
1312 1088 1421 1139 noster.
1444 1086 1471 1133 et
1496 1087 1584 1133 tarrien
1607 1083 1725 1132 nonest

443 1181 536 1219 serras
560 1162 645 1218 riraior
665 1162 776 1217 «loratino
798 1181 857 1218 suri.
901 1162 1027 1218 Erasinus
1043 1164 1176 1218 muniuem
1195 1162 1292 1218 laedere
1314 1163 1386 1225 rull,
1407 1163 1512 1237 placere
1531 1171 1621 1217 :tutem
1640 1160 1742 1216 omni-⁵

444 1250 508 1311 lms;
539 1248 594 1303 sult
617 1247 701 1320 igitur
722 1248 807 1302 rumor
828 1266 887 1304 esse
910 1248 1019 1303 ilornino
1043 1266 1106 1309 suo,
1136 1249 1181 1322 qui
1205 1266 1264 1303 sese
1295 1248 1394 1322 ultique
1417 1247 1543 1304 oumihus
1565 1245 1724 1301 insidiosum

444 1333 572 1390 rethlirlit:
600 1331 768 1403 eiairigelium
798 1332 863 1388 illml
889 1343 984 1388 tratura
1012 1334 1169 1389 seilitiosum
1202 1334 1289 1407 piareit
1314 1334 1428 1394 nemini.
1459 1332 1595 1406 pmlelacit
1617 1347 1725 1392 omnes;

444 1429 572 1474 caeterum
603 1418 760 1490 puilelactos
791 1428 817 1474 et
850 1437 909 1475 sese
942 1427 1139 1492 eiigrioscentes
1169 1418 1291 1492 suscipit.
1342 1417 1420 1474 hliml
1447 1427 1561 1474 conatur
1592 1416 1725 1471 Erasmus.

444 1504 507 1559 Eam
530 1502 685 1576 opinionem
706 1503 755 1557 iam
783 1504 882 1559 ilmlmn
904 1521 954 1577 pro
984 1523 1031 1559 sua
1060 1505 1175 1559 lunmna
1202 1504 1332 1576 supientia
1361 1504 1485 1577 concepit
1506 1502 1647 1562 Erasmus.
1681 1500 1725 1556 sed

444 1606 538 1663 parum
559 1588 688 1661 profecit,
721 1606 808 1662 neque
829 1607 892 1644 rero
915 1590 953 1644 sio
981 1608 1064 1663 porro
1088 1590 1225 1663 proliciet,
1261 1590 1310 1645 nisi
1341 1606 1394 1644 non
1425 1589 1488 1644 ririt
1511 1587 1599 1648 lesus,
1631 1586 1678 1660 qui
1699 1593 1725 1641 et
1736 1598 1756 1638 n

447 1675 505 1748 ipse
525 1673 630 1728 hassia
653 1690 705 1728 nim
727 1674 865 1743 ingressus
888 1684 943 1735 est.
967 1677 1013 1731 serl
1036 1692 1143 1748 semper
1166 1684 1250 1730 semet
1276 1674 1396 1747 gravarit
1417 1674 1528 1734 irrrhlia,
1557 1673 1639 1728 otiam
1669 1688 1727 1727 enm

446 1760 471 1814 it
490 1758 621 1832 temporis
642 1774 695 1814 mm
718 1768 791 1815 esset
811 1761 877 1815 arleo
901 1747 1029 1832 πονηρὸς
1052 1760 1171 1815 lmlaieus
1193 1760 1325 1834 populus,
1349 1759 1418 1815 sieut
1441 1776 1510 1814 nime
1528 1766 1571 1813 est
1593 1757 1638 1812 hie
1656 1755 1728 1812 orlais

447 1844 578 1918 papistieo
602 1860 686 1915 regno
716 1843 856 1899 alumnus.
897 1844 931 1900 Ei
961 1846 1012 1902 hoe
1043 1845 1142 1900 Erasini
1167 1844 1258 1900 lihello
1282 1845 1360 1900 laeile
1388 1843 1554 1900 intellexeris
1581 1842 1667 1917 ipsius
1697 1840 1728 1896 ele

447 1929 564 1984 Luthero
585 1929 760 1990 sententiam.
784 1931 890 1985 tauretsi
914 1930 965 1985 suh
988 1930 1102 2004 simplici
1120 1940 1251 2003 prauum
1268 1930 1403 2003 peragitet
1421 1929 1523 1988 onmia.
1543 1928 1595 1983 hoo
1613 1935 1657 1982 est
1674 1925 1729 1981 rnlt

447 2014 530 2070 rirleri
553 2031 606 2069 non
629 2014 776 2076 ailrersari,
802 2015 901 2072 lariens
928 2017 1036 2072 interim
1052 2015 1118 2071 nihil
1137 2016 1233 2071 uiiuus.
1269 2015 1391 2070 Sentiant
1413 2014 1457 2070 alii
1478 2014 1510 2069 ile
1526 2012 1647 2068 Lutlaero
1665 2010 1757 2084 qniilu

448 2100 544 2162 relint;
566 2116 617 2170 ego
640 2098 679 2153 rel
699 2117 729 2153 ex
750 2099 801 2155 rita
823 2118 880 2156 nien
900 2102 972 2156 sensi
994 2109 1123 2175 (piisimum
1143 2100 1313 2156 saluberrimi
1337 2101 1450 2156 herroris
1471 2116 1521 2173 per
1541 2098 1617 2153 illum
1643 2114 1729 2153 acees-

448 2185 514 2239 serit
543 2184 620 2245 mihi,
645 2183 750 2239 misello
774 2185 863 2258 prius.
887 2187 958 2259 rpriiul
981 2188 1088 2259 quidem
1112 2187 1227 2257 ingenue
1252 2187 1340 2241 lateor
1364 2202 1499 2258 mmqumn
1524 2183 1676 2257 potuissem
1700 2198 1730 2236 en

450 2270 590 2325 llrasmieis
620 2269 728 2342 seriptis
759 2269 931 2333 lurr·ilarere;
966 2271 1131 2345 experientia
1157 2272 1214 2345 ipsa
1238 2271 1272 2326 ita
1296 2289 1337 2326 me
1364 2270 1465 2327 sentire
1486 2271 1573 2325 (locet.
1615 2266 1731 2324 Proinile

449 2354 581 2410 Erasmiea
598 2374 611 2409 a
628 2355 801 2416 lutheranis.
827 2357 890 2412 item
909 2357 1048 2431 papistieis
1067 2356 1137 2429 apml
1154 2374 1195 2411 ure
1215 2355 1357 2411 stultulum
1374 2357 1412 2410 sio
1430 2354 1572 2414 differunt,
1597 2351 1731 2408 Erasmica

449 2441 546 2496 iloeent
576 2439 781 2513 pharisaismum
805 2442 926 2513 quidem,
961 2443 1007 2497 sml
1032 2459 1084 2496 mm
1109 2442 1178 2497 sient
1205 2442 1332 2515 papistm:
1367 2448 1482 2514 possunt
1503 2439 1575 2495 enim
1605 2436 1760 2511 pharsal-u

450 2525 573 2580 hilarium
597 2524 652 2579 lieri
677 2543 690 2579 e
713 2525 810 2580 (livinae
833 2527 915 2599 legis,
940 2528 993 2581 iuro
1015 2528 1095 2582 etiarm
1115 2526 1246 2597 evangelii
1274 2526 1374 2582 carnali
1400 2525 1576 2586 tractationum
1598 2522 1731 2578 deludes

451 2609 641 2665 trailitionilms
661 2610 798 2672 lutitianis:
825 2621 969 2686 utrumque
993 2612 1103 2686 impium
1121 2621 1177 2671 est.
1201 2612 1247 2666 seil
1267 2612 1404 2684 posterius
1426 2610 1553 2665 ornianus
1575 2608 1665 2664 modis
1686 2607 1732 2661 im·

451 2694 614 2768 piissimum:
638 2694 712 2767 prius
732 2696 812 2751 ilocet
832 2696 972 2757 Erasmus.
996 2697 1133 2770 posterius
1153 2697 1282 2785 soplpistae
1305 2715 1352 2751 seu
1374 2696 1495 2770 papistao.
1528 2711 1613 2767 porro
1636 2692 1732 2747 luthe-

452 2797 498 2835 rus
529 2787 628 2853 praeter
656 2780 736 2835 etiam
766 2799 826 2836 rere
849 2780 981 2837 honorum
1006 2800 1117 2855 operum
1142 2791 1294 2855 respeetum
1316 2781 1395 2836 iloeet
1425 2780 1524 2835 serrari
1544 2777 1682 2834 hominem
1702 2793 1732 2832 en

452 2864 508 2919 sola
528 2864 554 2918 in
572 2864 707 2920 Christum
725 2865 835 2927 lhlneia.
860 2885 874 2921 e
895 2886 946 2940 qua
969 2867 1075 2941 quidem
1096 2867 1189 2922 lhlneia
1208 2866 1307 2939 optirua
1330 2865 1426 2922 ‹leimle
1448 2882 1543 2939 opera,
1564 2882 1612 2919 sua
1628 2871 1762 2936 spontem

453 2967 506 3005 uon
527 2957 619 3005 ciaacta
642 2951 785 3012 servitute,
816 2954 861 3008 seil
886 2952 971 3007 lihero
993 2953 1091 3025 spiritu
1116 2952 1291 3026 proveniunt.
1316 2953 1341 3007 in
1364 2952 1475 3006 orlmem
1497 2949 1639 3004 saturitatis
1661 2943 1734 3004 altis·

452 3033 521 3090 simo
540 3034 663 3096 domino.
688 3053 775 3110 neque
797 3038 867 3092 euim
886 3038 976 3093 ociosa
1000 3038 1065 3092 lules
1087 3047 1142 3097 est,
1171 3046 1199 3091 ut
1222 3037 1327 3108 linpimt
1349 3036 1487 3109 sophistae.
1524 3034 1664 3089 Erasmuin
1688 3034 1735 3087 ita·

454 3138 506 3193 (pue
528 3119 655 3183 similem.
690 3121 742 3177 imo
766 3123 933 3195 superiorem
958 3124 1027 3178 lario
1056 3122 1219 3195 Hieronymo
1247 3122 1408 3194 caeterisque
1437 3121 1517 3176 huius
1547 3119 1656 3180 larinate,
1690 3116 1734 3191 qni

455 3205 677 3279 philosophorum
702 3208 922 3279 persuasimailms
946 3207 1108 3281 inspeciem
1133 3208 1239 3282 quidem
1264 3206 1477 3268 verisimillimis,
1501 3205 1547 3260 sed
1570 3222 1634 3259 rere
1656 3202 1736 3277 perli-

453 3291 494 3344 alis
518 3300 545 3346 et
568 3291 655 3364 impiis
680 3292 770 3347 inlecti
794 3301 856 3347 sunt
879 3294 967 3349 serius
991 3311 1070 3366 quam
1093 3293 1190 3347 adiuti:
1214 3293 1240 3347 hi
1264 3299 1414 3367 pinatorum
1436 3289 1617 3362 evangelicam
1641 3289 1767 3343 verita-te

455 3385 507 3430 tem
538 3383 652 3436 tantum.
690 3393 742 3432 non
769 3378 882 3439 locent,
919 3379 1040 3433 trrrrliram
1063 3377 1222 3451 evangeliun
1248 3378 1379 3434 doetrinae
1408 3376 1531 3436 trallunt,
1567 3390 1623 3428 non
1652 3374 1736 3447 ipsam

455 3461 606 3523 veritatem,
641 3480 694 3517 non
719 3463 802 3536 ipsam
826 3463 851 3518 iu
879 3464 1014 3519 lllnistnm
1037 3463 1129 3522 tutem:
1165 3464 1190 3517 iil
1218 3464 1289 3536 oriod
1318 3471 1344 3517 et
1372 3463 1397 3516 in
1423 3461 1533 3515 Erasmo
1561 3457 1737 3532 ‹leprehemlu

455 3546 493 3600 rel
524 3565 555 3602 ex
584 3548 635 3602 hoc
662 3548 746 3621 ipsius
777 3547 877 3602 lihello.
928 3548 994 3604 Eece
1017 3549 1074 3604 haec
1097 3557 1156 3603 snut
1181 3548 1361 3621 philosophia
1389 3545 1507 3621 prumia.
1562 3544 1661 3599 Carere
1688 3560 1738 3597 nos

453 3640 544 3687 momt
568 3631 708 3706 apostolus
736 3652 750 3688 a
778 3632 964 3707 philosophia,
999 3642 1026 3688 et
1055 3642 1141 3688 taratra
1171 3633 1214 3688 illa
1243 3641 1346 3688 eonmta
1375 3633 1517 3703 locataque
1546 3628 1675 3685 meretrix
1699 3646 1739 3682 se

452 3717 528 3772 «tum
557 3717 640 3772 iiiam
670 3719 798 3790 praeclara
827 3719 947 3791 ingenim
982 3727 1009 3774 et
1038 3738 1054 3774 o
1083 3719 1214 3773 inlelirem
1243 3717 1392 3777 Erasmmn.
1424 3716 1473 3788 epti
1506 3733 1562 3788 pra*
1595 3714 1657 3769 istis
1691 3714 1767 3769 tna-n

455 3819 538 3858 urami-
567 3802 705 3875 sapientia
734 3803 853 3860 tenehris
883 3805 1002 3859 riirrulmn
1033 3812 1125 3878 potest
1153 3803 1307 3877 perspicere
1329 3803 1476 3857 llomannm
1499 3800 1656 3873 pontiheern
1680 3816 1739 3854 esse.

455 3886 663 3948 hntieluistum,
698 3889 737 3944 rel
766 3889 787 3943 si
818 3890 914 3950 sentit.
946 3907 1000 3944 uon
1028 3907 1058 3943 en
1087 3889 1176 3943 anituo
1210 3888 1306 3948 sentit,
1342 3887 1382 3942 rel
1416 3886 1438 3941 si
1472 3885 1555 3941 sentit
1586 3902 1618 3939 ex
1641 3884 1738 3944 annino,

456 3990 508 4027 mm
532 3972 613 4026 amlet
636 3973 715 4029 etiam
739 3974 816 4029 lateri
840 3973 927 4048 palam
950 3982 977 4029 et
1006 3973 1155 4029 ilrsshuulat
1184 3973 1283 4032 aillnir.
1319 3972 1395 4045 qrrasi
1423 3989 1487 4026 rero
1515 3969 1738 4025 elissiumlamlnm

456 4058 491 4112 sit
512 4057 536 4110 in
563 4074 592 4111 re
618 4066 670 4113 taio
694 4059 762 4113 seria
786 4060 1005 4132 necessariaque:
1037 4065 1114 4132 prum
1142 4058 1308 4113 miserriums
1332 4058 1476 4113 homuncio
1498 4063 1646 4129 propterea
1668 4052 1738 4127 qrrul

459 4142 634 4216 plmrisaismo
660 4144 824 4199 immodicam
848 4153 975 4199 tranantes
996 4162 1105 4218 rapueram
1130 4143 1318 4216 ingrediuntur
1346 4142 1429 4198 reluti
1455 4141 1517 4196 honi
1542 4139 1590 4194 riri
1616 4138 1768 4212 papistu.to

456 4246 509 4282 uim
530 4247 590 4283 esso
610 4229 777 4285 Antichristo
800 4229 944 4288 alumnos.
969 4230 1015 4303 qm
1039 4237 1126 4283 tamen
1150 4229 1256 4283 miseris
1277 4228 1436 4283 ariortalilms
1461 4226 1579 4281 nondum
1603 4223 1645 4279 rel
1668 4221 1739 4295 cogi·

457 4322 513 4367 taut
546 4314 686 4369 subvenire
709 4315 734 4369 iu
770 4314 896 4370 tollendis
926 4314 1106 4384 gravissimis,
1142 4312 1412 4374 intolerabilissimis,
1447 4309 1739 4385 perniciosissimisqne

456 4398 584 4453 onerilms
607 4400 781 4456 haulitiommi
804 4418 929 4462 suarum,
960 4401 1041 4455 etium
1063 4399 1178 4472 pessime
1202 4398 1324 4453 rolentes
1346 4398 1369 4451 ei
1392 4397 1437 4471 qui
1461 4396 1518 4451 luen
1547 4403 1601 4450 tam
1626 4392 1740 4450 lhieliter

455 4493 561 4544 rnonet.
583 4486 709 4542 luulrero.
744 4486 835 4559 Neque
859 4504 921 4541 sero
939 4485 1025 4540 arllme
1049 4484 1081 4538 ah
1096 4483 1206 4538 Erasmo
1231 4484 1391 4557 patelactum
1408 4490 1450 4537 est
1470 4480 1529 4537 orhi
1548 4479 1622 4536 serio
1642 4485 1740 4552 qirarata

457 4569 623 4642 impietatum
646 4570 719 4625 lerna
741 4571 776 4626 sit
795 4572 821 4625 in
837 4571 926 4625 missis
946 4569 1055 4627 illorum
1074 4569 1252 4642 epirotirliarris.
1275 4586 1353 4641 quiam
1373 4568 1512 4623 innumera
1531 4566 1557 4621 in
1576 4562 1739 4621 matrimonii
1748 4580 1770 4619 rs

455 4656 600 4710 exeermula
630 4655 808 4728 abrogatione
831 4657 944 4711 istorum
970 4656 1164 4710 ziiilomitarum
1188 4654 1252 4709 hant
1279 4653 1393 4725 llagitim
1428 4653 1494 4707 hane
1517 4650 1670 4713 soralhlam,
1692 4667 1740 4706 etr·

456 4751 542 4796 terum
567 4742 681 4816 papistis
704 4750 807 4813 gramm
825 4742 989 4797 thirruuinam
1010 4759 1062 4796 nrm
1079 4740 1206 4812 (ligantur
1222 4757 1329 4794 morere
1346 4738 1486 4798 Erasmus:
1510 4737 1557 4792 seil
1575 4735 1739 4793 elissinmlat:

523 4925 542 4958 ¹²
560 4920 684 4993 πόνηρος
704 4929 760 4974 Ῑ.2.
781 4925 876 4988 (auser)
936 4923 957 4953 ³⁹
976 4924 1116 4974 homuntio
1137 4928 1161 4973 1.
1221 4920 1242 4953 ⁴²
1261 4922 1604 4988 pernitiosissimisque.2.
1658 4918 1680 4951 ⁴⁵
1699 4935 1741 4968 eo·

454 5030 511 5063 rum
532 5018 556 5064 3.
615 5010 636 5043 *⁶
656 5012 856 5063 Sodomitarum
878 5013 902 5066 3,
