3934 6034
525 660 725 711 cccxxxln.
746 675 978 711 mosomensem
993 675 1134 711 nuvensvs
1147 674 1319 710 esssnmses
1333 675 1464 710 ovrrsss.
1562 647 1635 717 279

356 850 448 891 causa
469 835 564 892 sensi:
592 835 665 907 arsid
690 835 717 891 si
744 835 854 894 indicia
880 850 943 892 mco
969 832 1154 892 subscribunt
1178 836 1265 892 etiam
1290 850 1369 893 cinric
1387 835 1439 907 qui
1457 836 1565 893 callent
1585 852 1636 893 eas

353 931 476 994 lileros?
509 935 620 1008 Habes,
643 939 746 1005 lector,
770 936 965 1010 impudentem
984 938 1208 1011 assumptionem
1216 958 1226 1001 ,·
1248 952 1327 994 necne
1348 937 1414 995 eride
1428 952 1503 1009 queres
1522 953 1630 1014 causas
1646 943 1704 992 §.nn

355 1040 486 1111 astiupat
514 1040 589 1096 tanti
612 1040 760 1096 criminis:
788 1038 908 1096 ‘urebar
934 1040 1034 1110 alarin
1063 1038 1235 1112 Capreionis,
1264 1039 1342 1111 arrad
1368 1040 1503 1097 nonnulli
1525 1055 1637 1098 mecum

358 1144 412 1199 ‘illi
426 1145 520 1200 laecum
536 1140 661 1205 dabant,
685 1147 716 1199 nt
728 1142 844 1214 pariter
862 1142 981 1214 linpnas
999 1141 1190 1215 praedanti,¹
1209 1143 1344 1199 remerenlli
1359 1142 1485 1199 alterurn
1510 1142 1637 1199 Germa-

335 1246 428 1302 ⁵·nice
447 1245 561 1300 ocellum
584 1238 765 1300 evocitnbant'.
807 1242 871 1316 Epo
895 1244 947 1316 qui
970 1249 1050 1301 torno
1071 1243 1166 1300 studia
1186 1259 1301 1317 semper
1317 1242 1387 1314 sarii
1402 1244 1511 1316 linquis
1529 1259 1566 1301 ac
1583 1243 1637 1301 ba-

353 1349 400 1404 nis
421 1347 527 1416 literis,
547 1343 634 1415 serre
653 1360 709 1402 reon
726 1351 859 1418 poteram
881 1346 1023 1403 bominem
1046 1346 1123 1404 idem
1142 1351 1275 1417 apentem
1295 1345 1375 1418 arrad
1393 1346 1530 1419 coebum,
1549 1363 1636 1420 pra-

352 1449 451 1507 sertim
474 1443 623 1505 amicum?
648 1446 743 1505 Porro
763 1448 842 1521 arcad
860 1447 961 1506 scribit
984 1448 1021 1505 de
1042 1449 1135 1506 alluo
1158 1447 1325 1505 Germania
1345 1450 1442 1520 (cirta,
1465 1465 1521 1507 nou
1540 1452 1626 1523 palm
1636 1453 1702 1503 §³⁰⁰-

353 1550 454 1624 sciteor
476 1549 665 1623 dispulerim
688 1551 802 1622 lepere:
830 1552 909 1608 itane
936 1547 1011 1607 mibi
1037 1550 1132 1608 studia
1155 1547 1218 1620 serit
1241 1551 1362 1608 esclusa
1385 1549 1533 1624 Copaiaue
1556 1551 1634 1609 Ger-

354 1654 483 1711 maniam
506 1654 616 1710 lascam
639 1647 788 1710 reddere?
821 1650 890 1721 betis
914 1654 1007 1710 nescit
1032 1668 1077 1712 me
1100 1650 1246 1725 l-'apnioni
1270 1651 1480 1711 candidissime
1501 1654 1589 1711 simul
1607 1660 1635 1711 et

321 1756 584 1815 socrrnstantissime
601 1750 737 1826 sciuisse?
756 1753 818 1826 Epo
839 1755 997 1812 testimonia
1013 1754 1141 1810 amisium
1161 1752 1330 1825 quibuscum
1347 1752 1542 1824 faenilinriter
1564 1756 1633 1824 riri,

353 1874 410 1916 aon
434 1857 592 1914 dubitarim
612 1871 707 1913 mores
728 1871 805 1913 meas
826 1858 870 1914 sic
891 1872 910 1912 a
932 1857 1032 1913 livoris
1054 1854 1152 1912 inorbo
1177 1870 1324 1926 (reserere,
1354 1861 1387 1913 ut
1413 1873 1432 1913 a
1459 1859 1538 1915 nullo
1565 1859 1631 1915 iilia

353 1961 447 2032 incipis
469 1957 570 2016 absim.
615 1957 695 2015 Aridi
713 1973 792 2016 nunc
813 1961 937 2016 alteram
959 1955 1138 2029 (effictionem
1160 1973 1243 2031 caque
1264 1956 1434 2028 efflantem:
1457 1959 1531 2018 ‘idea
1552 1966 1623 2016 terre·
1637 1964 1703 2014 §.mu

354 2068 422 2122 ‘lura
444 2061 539 2120 tribua
554 2058 704 2133 t'upnoni,
728 2059 807 2132 quad
824 2060 959 2117 laudarit
973 2074 1067 2118 mcum
1087 2075 1191 2117 riorum
1206 2065 1420 2131 testamentum,
1442 2061 1635 2134 ocremadmo-

355 2166 432 2223 ‘dcem
452 2164 527 2235 fecit
540 2168 568 2220 el
583 2159 699 2220 Berets'.
747 2160 784 2218 b't
803 2161 1002 2220 diuersissima
1019 2164 1177 2221 carerrectit:
1199 2163 1255 2219 ima
1276 2162 1342 2220 idco
1360 2164 1416 2220 cita
1434 2161 1510 2222 Beri
1528 2169 1557 2220 et
1572 2164 1634 2221 Cu-

321 2267 459 2342 upitanis
479 2265 676 2346 tbealaporum
697 2264 734 2321 de
756 2262 834 2321 Nara
855 2268 1024 2321 testamenta
1046 2264 1200 2333 indicium,
1222 2269 1254 2321 at
1273 2264 1468 2336 tbealoparnm
1492 2266 1636 2323 clamares

355 2369 556 2436 retunderem,
584 2368 636 2440 qui
658 2364 734 2423 nibil
757 2363 890 2422 uolebant
908 2366 969 2437 lepi
988 2367 1047 2425 nisi
1068 2366 1106 2424 ab
1127 2367 1199 2439 ipsis
1214 2365 1384 2439 probatum.
1427 2367 1454 2425 si
1473 2368 1533 2439 lepi
1553 2366 1637 2426 debet

354 2471 434 2545 qeiod
455 2463 602 2542 suffrap'io
627 2467 825 2539 tbeoloparnm
844 2466 1000 2540 probatum
1022 2474 1079 2538 est,
1109 2468 1163 2525 boc
1189 2481 1262 2541 apres
1290 2474 1357 2526 crat
1377 2485 1396 2526 a
1418 2468 1555 2542 lbealapis
1576 2486 1635 2528 nau

355 2572 524 2645 melparibus
543 2571 712 2645 probatam,
741 2568 821 2641 arcad
840 2568 1035 2628 Loisanienses
1062 2570 1188 2643 tbealopi
1205 2568 1397 2629 damnabant.
1442 2573 1540 2644 itaque
1561 2572 1636 2629 nibil

353 2674 550 2749 impudentius
563 2679 630 2730 crat
650 2677 702 2728 aen
722 2672 948 2744 intempestiuus
966 2672 1002 2728 iis
1023 2688 1089 2744 onae
1106 2672 1254 2730 declamat
1272 2671 1309 2730 tle
1329 2673 1436 2731 aliertca
1453 2674 1559 2747 pluria
1578 2673 1632 2731 ab·

320 2794 345 2831 m
355 2778 535 2836 tractatione.
581 2772 667 2832 Neine
696 2789 763 2831 rcro
789 2772 961 2830 ueniendum
988 2772 1031 2831 ad
1049 2774 1125 2832 illud
1142 2775 1254 2832 crimen
1273 2774 1454 2833 barrendnm
1475 2781 1504 2833 et
1524 2781 1621 2841 atrox,
1634 2782 1700 2832 §.tun

353 2883 437 2940 euius
454 2877 599 2935 lluttenas
619 2882 707 2948 nepat
726 2891 756 2932 se
777 2890 906 2947 nerianum
928 2873 1002 2932 inibi
1016 2877 1146 2948 pralium
1169 2874 1323 2946 scurrarum
1351 2893 1439 2950 quum
1466 2878 1504 2934 sil
1523 2878 1635 2949 alioqui

352 2980 606 3045 strennuissimus·
628 2979 690 3051 ipse
706 2976 807 3034 leniret
825 2975 939 3034 dicere:
961 2978 991 3033 in
1014 2978 1134 3050 epistola
1154 2978 1284 3050 utendam
1302 2979 1344 3037 ael
1359 2978 1537 3054 Episcopum
1552 2977 1632 3050 llas-

351 3084 466 3156 [ensem
482 3082 660 3155 Capniauem
673 3079 808 3137 insimulo
826 3078 971 3151 perfidiae.
1015 3078 1053 3135 In
1074 3086 1133 3137 trini
1156 3081 1252 3137 alraci
1267 3079 1419 3151 facinore,
1441 3096 1540 3155 operae
1554 3096 1632 3153 pre·
1666 3131 1669 3135 .

354 3188 431 3244 cium
453 3190 497 3242 est
512 3186 578 3256 ipsa
601 3183 730 3256 epistola
752 3195 824 3237 mere
845 3178 933 3236 uerba
953 3179 1145 3239 subscribere.
1188 3181 1321 3253 ‚‚Caersa,
1349 3184 1376 3240 si
1402 3199 1472 3241 uera
1494 3188 1632 3246 narrant.

319 3288 438 3360 ns„lsrec
457 3285 534 3358 feeit:
561 3301 649 3359 aeirem
675 3284 839 3358 peniculum
869 3287 944 3339 esset
970 3298 1007 3339 ne
1034 3282 1098 3340 deca
1122 3283 1397 3357 Wertemberpensis
1418 3283 1633 3357 Stnelpardinm

355 3392 531 3463 ‚‚reciperet‚
555 3386 735 3446 Ilencblinus
749 3383 858 3442 ciuibus
880 3384 990 3456 aliquot
1004 3393 1071 3443 crat
1087 3391 1187 3457 antor,
1212 3393 1243 3444 ut
1263 3387 1549 3458 allaboraturum,
1572 3388 1634 3461 ipse

355 3509 467 3564 „comes
488 3492 545 3549 illis
564 3481 695 3560 festinius.
735 3485 939 3560 proserperent
956 3486 1018 3553 nti,-
1040 3485 1221 3545 Jleucblinus
1241 3493 1350 3546 rutilato
1371 3489 1492 3548 consilia
1517 3490 1632 3558 mansit,

356 3611 436 3666 „sace
459 3594 632 3665 supellectili
650 3591 812 3649 cousulens.
855 3587 968 3646 neeriae
994 3605 1100 3647 rursus
1124 3591 1284 3663 proniora
1307 3589 1382 3649 duce
1407 3606 1464 3664 per
1492 3590 1633 3663 preosdam

356 3699 483 3768 „amicas
503 3698 702 3768 impetratum,
722 3707 760 3749 ne
782 3692 872 3749 uictor
896 3692 1044 3749 exereitus
1061 3692 1177 3749 saberet
1198 3693 1228 3749 in
1250 3691 1366 3750 damam
1388 3690 1560 3763 Ileucbliui‚
1580 3693 1635 3750 secl

320 3802 451 3869 sup-ires
470 3800 515 3856 illi
534 3812 605 3869 auris
623 3792 793 3865 fefellerat,
820 3794 934 3850 reuersi
959 3792 1136 3851 exhibebant
1154 3795 1219 3851 seni
1238 3796 1406 3866 inspeciem·
1433 3810 1512 3852 nunc
1533 3796 1632 3852 arrsrtiu

355 3919 428 3970 „sna
449 3902 553 3958 celarit
573 3899 656 3955 salua
678 3902 706 3954 et
719 3894 913 3966 Inpalcstadii
926 3896 1117 3968 tranquillam
1139 3896 1201 3968 apii
1222 3893 1338 3953 rilam.''
1381 3895 1532 3955 Hactenus
1552 3898 1619 3970 epi·
1633 3902 1701 3952 §.mu

354 4006 435 4062 stolae
451 4000 538 4059 rerba
558 4000 702 4058 recensui,
746 4013 824 4054 rsnric
846 4012 907 4053 rem
929 4001 959 4053 ut
979 3995 1066 4054 babet
1082 3999 1189 4071 paucis
1210 3999 1328 4072 accipe,
1358 4000 1457 4056 lector.
1501 3998 1632 4056 Primum

354 4122 442 4179 oniam
466 4105 560 4161 arnico
582 4104 680 4159 ariirno
698 4097 812 4169 fuerim
831 4100 860 4156 iu
884 4096 1093 4171 Iu’ncblinum,
1116 4117 1173 4159 reon
1196 4101 1280 4157 enada
1301 4105 1384 4158 testes
1403 4106 1562 4158 sciaenae
1581 4103 1632 4159 lu-

353 4208 550 4274 cubrationes,
570 4219 669 4261 recreem
688 4203 775 4259 etiam
793 4218 891 4260 arnries
909 4201 1077 4273 quibuscum
1093 4200 1287 4273 familiariter
1301 4203 1370 4260 crisi.
1414 4207 1482 4260 arete
1497 4203 1633 4275 campla-

319 4318 402 4368 ³⁵res
424 4324 517 4366 aureas
538 4322 626 4379 quma
649 4306 781 4378 t'apniou
802 4310 957 4376 urperetnr
976 4321 995 4361 a
1014 4304 1201 4378 sycopbaritis
1220 4305 1295 4375 suis,
1314 4305 1434 4377 scripsit
1453 4304 1496 4361 ced
1514 4320 1559 4362 me
1573 4310 1632 4361 tum

356 4419 488 4483 abentem
515 4411 545 4466 in
568 4410 691 4480 Arsplia,
720 4413 752 4463 ut
776 4407 939 4465 conciliatis
965 4407 1076 4479 reliqna!
1100 4407 1203 4463 amicis
1224 4406 1397 4464 innocentia
1418 4422 1480 4463 suae
1497 4407 1633 4479 patroci-

354 4516 432 4571 nium
454 4513 641 4585 susciperem.
685 4509 734 4566 bic
749 4510 821 4582 plus
837 4509 964 4582 prasliti
983 4524 1070 4582 qaam
1091 4507 1231 4581 repebat·
1252 4524 1345 4581 neque
1364 4508 1441 4565 ertim
1457 4510 1547 4567 salum
1564 4508 1624 4566 illic
1635 4515 1701 4565 §.tot

355 4618 458 4673 meeltas
482 4613 601 4671 adduci
619 4613 648 4669 in
672 4626 800 4668 amorem
822 4612 914 4683 illius,
940 4625 1039 4668 uerum
1067 4611 1154 4667 etiam
1175 4609 1277 4668 Rama
1301 4610 1504 4669 cardinalibus
1524 4612 1636 4683 aliquot

356 4719 434 4776 illins
465 4732 585 4774 calisam
615 4713 823 4774 commendari.
866 4714 942 4771 inter
968 4729 1017 4771 eas
1044 4720 1139 4770 (eutem
1168 4729 1240 4786 ortos
1265 4716 1310 4772 illi
1333 4715 1526 4772 conciliarem
1553 4713 1639 4788 apud

423 4921 474 4979 ⁷5¹.
493 4919 558 4985 ltin]
578 4917 684 4968 nrauni
704 4915 806 4965 candor
824 4931 870 4980 pro
889 4914 1066 4965 ‹lealbatione
1087 4916 1203 4981 iuncoque
1223 4917 1250 4965 in
1269 4917 1441 4982 proverbium
1461 4917 1537 4966 abire
1556 4918 1635 4967 meri·

357 5011 399 5055 tus
419 5015 468 5055 est.
520 5004 539 5037 ²¹
561 5005 596 5054 cf.
612 5005 721 5069 Exponat.
735 5003 774 5061 δέ.
787 5000 828 5050 bb.
842 5017 899 5066 sqq.
