3934 6034
240 759 242 764 λ
333 672 406 744 286
506 690 701 740 cccxxxlss.
723 707 841 743 soorsosn
855 709 956 744 onnam
970 710 1112 746 ADVERSVS
1125 710 1297 746 senonensi-:s
1311 710 1441 745 uvrssss.

331 863 427 919 nescio
445 862 517 934 perid
530 862 622 920 lilrelli
636 865 788 937 scripsisse
804 866 835 922 iu
856 882 909 924 me.
954 867 995 925 ld
1012 868 1156 927 Huttenus
1172 886 1229 927 non
1245 877 1362 927 veretur·
1379 869 1516 925 deierare
1531 883 1551 924 o
1570 883 1618 925 rne

333 966 499 1035 confictum,
526 980 582 1035 pao
602 964 785 1025 Lntlteranos
804 984 962 1039 prooarern
988 971 1110 1028 inuidia.
1158 970 1260 1040 Ottoeso
1283 970 1356 1042 qnid
1381 979 1424 1027 est
1450 976 1510 1026 torn
1536 986 1615 1043 per-

265 1081 331 1131 one.
343 1066 414 1124 dita
434 1067 572 1137 lenitatis,
590 1068 669 1137 qaod
687 1069 740 1125 isle
762 1085 819 1127 nou
842 1073 937 1128 statim
959 1074 1103 1145 irnpirrpat
1122 1068 1238 1130 lemica?
1259 1074 1343 1144 ulpici
1364 1088 1450 1143 piarem
1469 1072 1518 1130 liic
1537 1074 1614 1145 plu-

330 1184 379 1225 res
399 1169 458 1225 sint
478 1169 536 1224 oiri
552 1167 620 1226 boni
638 1172 690 1241 qui
709 1174 805 1229 salient
822 1188 968 1231 ritmorum
992 1190 1058 1231 cere
1080 1190 1218 1248 sparsam
1237 1175 1347 1246 sitisse,
1374 1189 1461 1247 pirum
1486 1174 1613 1232 lawarn

331 1286 350 1327 a
368 1270 460 1327 doctis
480 1271 583 1328 amicis
602 1274 739 1345 epistolas
760 1290 799 1330 eu
815 1276 946 1346 dupusta
964 1283 994 1333 el
1008 1276 1190 1346 Constantio,
1213 1276 1315 1349 quillis
1330 1276 1384 1333 ltoc
1403 1282 1435 1333 ut
1451 1292 1514 1333 rem
1528 1291 1635 1333 cont-s

328 1379 445 1447 parturn
460 1372 603 1444 scribunt,
622 1373 700 1431 iinon
712 1377 877 1448 pontificem
891 1376 992 1435 dorna
1008 1380 1114 1451 palam
1129 1379 1285 1436 dornaasse
1299 1378 1388 1435 tilros
1402 1383 1486 1442 meos,
1502 1394 1612 1450 paam-

332 1492 388 1547 que
409 1476 454 1532 illi
473 1474 601 1532 labeant
621 1478 760 1549 epistolas
781 1494 861 1535 meets
881 1485 1016 1537 testantes
1037 1495 1082 1537 nte
1107 1480 1139 1536 id
1165 1495 1349 1552 ricpnapuonr
1376 1479 1512 1548 credere,
1540 1479 1615 1551 auid

265 1596 330 1645 §.un
342 1584 486 1651 superest,
515 1578 573 1634 nisi
593 1585 626 1635 ut
646 1593 743 1636 omncs
764 1581 933 1652 intellipant
953 1580 1081 1639 Hutteno
1101 1599 1163 1639 esse
1180 1597 1291 1656 porum
1311 1577 1444 1652 sr'ontis?
1473 1580 1534 1638 Sed
1553 1598 1612 1639 nu-

331 1695 463 1738 sussum
485 1679 563 1738 nilne
584 1681 711 1738 laudare
731 1684 894 1755 pontificem
917 1685 968 1755 qui
988 1686 1064 1742 male
1085 1684 1158 1742 milii
1178 1684 1324 1756 quondmn
1348 1685 1481 1754 coluerit,
1505 1686 1613 1756 pirique

331 1782 406 1839 niliil
425 1781 525 1839 adlruc
543 1784 637 1853 eperit
651 1782 729 1840 irride
745 1784 869 1841 laudari
881 1793 1040 1844 merentur.
1086 1788 1131 1843 An
1154 1802 1252 1844 oerum
1271 1787 1309 1842 sit
1327 1785 1518 1857 praescribit
1530 1783 1611 1842 llut-
1624 1800 1648 1838 no

331 1894 414 1943 tereus
435 1886 548 1943 nescio:
570 1893 649 1941 certe
671 1885 746 1942 nillil
766 1902 894 1958 ilnpucun
920 1889 1144 1960 taleperlatunz
1164 1888 1348 1957 esicone,
1377 1902 1430 1944 nec
1449 1902 1503 1958 epo
1525 1888 1611 1957 prlic-

333 2003 420 2060 qaorn
444 1988 502 2045 tole
525 1987 562 2043 de
583 1988 632 2044 illo
652 1990 818 2060 suspicatus
839 2004 912 2045 sum.
954 1989 1016 2060 suit
1037 1992 1105 2047 olim
1128 1990 1200 2047 milti
1220 2005 1285 2047 carn
1306 1990 1355 2045 illo
1375 1988 1500 2046 Loi’anii
1519 1989 1613 2044 ciuilis

333 2092 461 2147 cornicilia
479 2098 521 2161 et,
539 2093 572 2147 ut
591 2090 653 2162 ipse
673 2089 786 2161 scribit,
812 2093 934 2149 societas
956 2092 1136 2159 studiorum,·
1163 2107 1216 2148 nec
1235 2106 1364 2162 sirionem
1383 2092 1463 2146 sensi
1481 2092 1611 2146 animum

264 2211 329 2261 §.us
341 2195 420 2251 illius
433 2193 463 2250 ia
482 2207 527 2249 mc
538 2206 650 2265 parurn
670 2193 806 2249 amicum.
854 2191 930 2262 Oula
942 2199 1038 2252 orielem
1057 2193 1094 2252 de
1110 2196 1159 2252 illo
1177 2193 1314 2266 pradico
1329 2193 1387 2249 nisi
1403 2191 1507 2248 bonurn
1521 2205 1611 2264 spem,

331 2311 419 2367 qaam
442 2296 520 2352 illius
537 2301 683 2362 senectus,
702 2302 848 2369 perpetuo
866 2297 1020 2368 intepuitas
1040 2301 1069 2353 et
1087 2295 1212 2353 eruditio
1231 2294 1312 2352 riolis
1332 2288 1513 2367 porripunt?
1533 2292 1645 2349 istndu

331 2397 448 2454 liortari
463 2398 558 2469 napis
571 2404 614 2453 est
633 2411 720 2467 paona
735 2397 878 2456 laudare:
897 2400 1052 2471 preterita
1071 2397 1175 2467 load03
1193 2397 1230 2454 de
1251 2396 1353 2468 picibus
1374 2399 1402 2453 si
1416 2396 1541 2453 munitior
1559 2412 1611 2451 re-

264 2498 408 2570 §.usfulli
422 2500 545 2573 possiml·
559 2498 604 2555 de
619 2496 734 2568 [lituris
755 2498 825 2556 bene
841 2501 964 2557 ominor.
1009 2499 1139 2557 Proinde
1160 2501 1224 2571 quis
1248 2514 1305 2556 non
1326 2498 1423 2555 vident
1443 2512 1531 2569 poam
1552 2512 1609 2553 non

329 2602 462 2675 opposite
482 2600 629 2658 adhibitus
649 2602 687 2657 sit
707 2602 786 2659 iocus
811 2604 938 2659 insulsas
958 2601 1085 2660 Hutteno
1107 2604 1172 2658 ‘ista
1187 2600 1298 2672 facies,
1319 2615 1336 2657 o
1357 2597 1482 2666 Timon';
1509 2604 1539 2655 et
1560 2603 1610 2654 lo-

330 2719 395 2760 rnen
410 2702 497 2760 ,uitat
522 2701 676 2773 addubito,
702 2706 770 2774 quin
794 2703 939 2762 llutlenus
961 2704 1009 2761 liic
1034 2704 1090 2761 silri
1117 2703 1254 2761 uideatur
1271 2704 1346 2759 mire
1364 2700 1497 2772 festinus.
1541 2698 1612 2756 ‘Sed

331 2810 409 2863 ‘onte
424 2806 694 2879 pronunciaveram
716 2806 832 2863 minime
854 2806 956 2863 liorlurn
973 2804 1129 2876 latarum'.
1177 2804 1267 2874 Osirim
1288 2818 1438 2875 nunquam
1462 2803 1516 2859 sirn
1528 2800 1645 2859 Hui-io

331 2917 395 2965 leno
417 2908 454 2965 dc
470 2907 524 2965 ltoo
542 2907 679 2980 pontifice
701 2908 849 2979 lopiudus,
872 2908 1057 2981 impudenter·
1075 2906 1154 2978 sarit
1173 2909 1225 2979 pai
1243 2907 1297 2964 ltoc
1317 2923 1357 2963 eu
1375 2906 1474 2976 aliano
1489 2919 1611 2978 compo-

331 3016 393 3068 tore
410 3009 541 3067 onidilurn
562 3008 634 3066 milii
653 3009 737 3081 apud
756 3009 835 3066 orbis
852 3009 983 3067 tribunal
1002 3011 1122 3066 crimini
1139 3010 1264 3066 (illiciat.
1307 2999 1374 3065 alit
1393 3022 1438 3064 me
1461 3009 1559 3064 oercri
1574 3023 1611 3063 ne

328 3126 438 3185 parurn
461 3127 562 3183 apicios
583 3120 657 3168 esset
673 3110 816 3178 ludicro,
847 3112 883 3168 de
902 3114 1019 3169 crateris
1037 3126 1188 3182 electionum
1206 3112 1417 3184 propensiori,
1439 3124 1610 3181 uniloquam

330 3214 495 3272 ostenderet
514 3220 689 3285 arpumenta
709 3214 803 3270 aninti
819 3214 962 3287 cupientis
983 3216 1069 3271 etiarn
1090 3212 1254 3270 Romanam
1272 3214 1386 3270 curiam
1402 3212 1444 3268 ad
1463 3213 1609 3268 meliorem

264 3316 460 3388 §.ssosrapern
479 3331 627 3372 reuocare.
670 3315 765 3372 Porro
787 3316 866 3387 pieod
885 3318 929 3372 ait
946 3318 1090 3388 opitulum
1114 3315 1150 3373 de
1168 3330 1213 3372 me
1233 3322 1267 3372 ul
1286 3330 1344 3387 pro
1364 3314 1505 3371 licerctieo
1525 3314 1645 3369 arri-is

325 3435 431 3493 perer,
459 3418 548 3476 aedo
575 3420 713 3476 iactatum
741 3424 771 3475 et
794 3424 925 3491 optutum
953 3434 972 3474 a
1000 3418 1172 3490 quibusdam
1195 3417 1320 3488 furiosis
1340 3416 1508 3481 mensuetus·
1534 3417 1611 3472 inter

326 3521 478 3596 principes
500 3534 649 3591 nunquam
671 3519 725 3577 ltoc
751 3529 793 3577 est
819 3526 932 3587 actura·
961 3520 1101 3578 nolebant
1130 3528 1158 3576 et
1183 3521 1212 3576 in
1236 3518 1382 3592 Hispania
1411 3520 1520 3574 anticos
1541 3516 1611 3574 lndc

329 3626 381 3696 qui
393 3638 472 3681 nunc
486 3631 529 3679 est
537 3619 687 3694 pontifex,
701 3624 853 3694 prosimos
860 3643 871 3689 ‚·
887 3622 1029 3680 nolebam
1045 3631 1073 3679 et
1087 3621 1189 3680 llornu
1208 3623 1269 3679 oioo
1284 3621 1390 3688 leonte,
1409 3621 1530 3676 nsidtnm
1545 3618 1608 3675 dis-

326 3727 434 3784 similes
449 3723 592 3790 Hutteno,·
609 3722 748 3782 antiton
765 3725 794 3782 iu
812 3727 882 3782 aula
899 3724 1027 3783 Cosanis
1043 3741 1178 3797 mappas,
1193 3725 1230 3781 de
1248 3724 1351 3796 unitus
1368 3738 1422 3779 nec
1434 3720 1612 3795 suspicabar

328 3844 416 3901 puarn
431 3836 525 3885 essent
539 3826 642 3884 amici:
657 3843 696 3883 cu
711 3826 814 3883 liornrn
832 3828 925 3885 literis
940 3829 1041 3886 inclinis
1055 3828 1177 3898 capitoni
1188 3827 1260 3899 pald
1272 3831 1412 3898 operetur
1426 3839 1514 3896 paam
1528 3822 1610 3881 Hnt-
1620 3843 1645 3883 so

329 3936 426 4002 terius,
449 3930 500 4001 qui
511 3929 632 3986 latitans
648 3934 759 3985 tarrtnra
781 3930 835 3987 ltoc
857 3929 966 3987 sciebat
987 3929 1066 4002 quod
1079 3930 1185 4000 alipius
1200 3929 1402 3988 clancularius
1415 3941 1538 3984 susurro
1553 3926 1609 3983 de-

261 4031 465 4104 §.suferetur
509 4030 601 4088 liabeo
622 4030 705 4104 apud
720 4046 766 4088 rue
785 4034 925 4090 articulos
945 4033 988 4089 ad
1006 4033 1153 4090 (lusorem
1175 4033 1299 4100 delatos,
1322 4046 1393 4102 qttlrs
1412 4028 1536 4102 Glapion
1553 4044 1610 4085 siro

327 4150 417 4193 mortu
434 4135 557 4191 enotavit:
578 4134 660 4191 niella
677 4133 737 4190 illic
758 4133 880 4192 heresis
899 4139 1017 4205 mentio,
1040 4151 1133 4207 nequa
1151 4137 1306 4207 quiequam
1322 4132 1401 4204 ailad
1413 4131 1456 4187 ad
1471 4130 1609 4189 lroeresim

322 4239 480 4311 pertinent.
524 4235 616 4293 labeo
631 4236 733 4292 literas
751 4239 926 4294 caracallarii
941 4237 1102 4295 Gallinarii
1114 4254 1181 4309 pou
1198 4241 1340 4293 testantur
1354 4233 1449 4305 fuisse
1463 4234 1610 4306 suspicio-

328 4356 392 4398 nern
408 4340 445 4398 de
458 4338 630 4411 quibasdam
643 4338 748 4396 lilrellis
761 4340 812 4410 pue·
827 4340 862 4397 oo
879 4342 939 4396 stili
953 4346 1129 4398 iraiuslolern
1149 4340 1317 4397 oillaentur
1335 4354 1397 4395 esse
1410 4337 1477 4405 inci,
1493 4337 1522 4392 in
1540 4337 1610 4407 pai·
1621 4353 1646 4392 ss

260 4456 326 4505 §.nn
336 4442 387 4501 bus
401 4449 496 4499 tomen
511 4441 585 4498 nihil
597 4448 671 4498 esset
682 4441 851 4500 turoneum
865 4447 918 4498 out
928 4445 988 4500 lale
1003 4445 1104 4514 pientia
1118 4442 1260 4500 scriberet
1268 4440 1420 4498 titianus.
1443 4437 1504 4496 Sed
1513 4438 1611 4497 Ioan-

328 4561 393 4603 nern
407 4547 576 4619 Glapiouern
588 4560 724 4602 recenseo
735 4549 765 4602 in
780 4545 883 4603 elidem
899 4548 1022 4619 epistola
1035 4548 1112 4603 citra
1127 4547 1328 4605 coritunrelinnt
1337 4565 1347 4602 .·
1361 4543 1435 4601 nilil
1447 4544 1523 4600 enim
1539 4545 1611 4601 lau-

377 4782 387 4812 ⁹
400 4783 470 4832 huno
480 4780 783 4849 pont.]A‹lrianumVI.‚
799 4782 880 4849 poulo
891 4790 959 4847 post,
968 4786 992 4833 (l.
1001 4784 1123 4847 ⁸24.Sopt.
1139 4801 1164 4833 n.
1177 4782 1246 4832 ¹523.
1254 4788 1400 4832 mortuum:
1410 4782 1459 4831 sub
1467 4781 1611 4833 Clemente

326 4869 386 4917 Vll.
396 4870 451 4918 olla
461 4869 717 4918 dixissetErosmus.
755 4867 776 4902 ¹⁸
787 4866 1069 4933 istalncquoHutteni
1078 4885 1166 4934 noque
1175 4870 1289 4918 Luciuni
1300 4869 1359 4917 lsaec
1371 4870 1430 4932 ipso
1440 4869 1526 4918 verba
1535 4878 1610 4920 sunt.

326 4952 349 4984 ’Β
367 4955 400 5004 ob
419 4960 453 5003 st.
466 4953 583 5020 venusi]
597 4955 705 5004 Nullam
719 4972 748 5005 so
762 4956 848 5020 ipsum
862 4955 993 5004 laudandi
1006 4956 1237 5020 opportunitatem
1250 4954 1413 5018 neglexerit.
1451 4960 1480 5002 at
1498 4955 1608 5005 Brasmi

326 5039 405 5091 stilus
418 5046 478 5089 utut
491 5048 633 5093 venustum
646 5041 785 5103 dixerunt,
805 5041 921 5090 Latinus
935 5047 1026 5091 tomen
1039 5057 1092 5090 non
1107 5042 1168 5090 suit.
1219 5037 1241 5069 ⁸⁶
1259 5040 1370 5104 Expost.
1385 5041 1424 5100 ἕξ.
1441 5037 1495 5088 128.
1509 5054 1568 5105 sqq.
