3934 6034
357 702 528 754 ccexutv.
551 701 636 770 [rrsrr
650 702 742 770 nourr]
763 722 799 754 un
812 721 973 755 aroneernn
988 721 1045 754 ren.
1059 722 1141 755 caerr
1156 721 1277 757 urrunsa
1292 722 1454 758 ansreusre.
1476 719 1533 759 1³32.
1570 697 1640 767 461

358 887 426 940 tuac,
456 897 504 952 per
532 897 610 952 quatu
641 878 764 934 facillima
795 880 848 938 ria.
884 879 996 933 ridendo
1022 878 1125 934 scilicet
1149 887 1177 933 ct
1204 877 1335 940 ludendo,
1367 882 1392 935 iu
1427 883 1558 954 eptimam
1592 893 1646 939 sta·

358 972 412 1017 turo
436 962 473 1033 (ni
498 962 588 1033 loller)
615 964 826 1018 restituerentur
852 964 938 1017 ‹tidoa
971 963 1139 1034 limoauoque
1170 964 1266 1018 oiunia.
1312 981 1373 1017 raro
1394 982 1454 1019 eras
1483 966 1509 1020 iu
1535 967 1644 1039 templo,

358 1064 420 1101 rare
443 1048 469 1102 iu
492 1047 600 1106 scliela,
625 1047 690 1121 quiu
714 1048 739 1101 iu
761 1064 821 1102 cera
841 1055 987 1101 annotares
1006 1044 1074 1100 belle
1095 1054 1122 1099 et
1144 1046 1232 1119 lepide
1251 1057 1279 1102 et
1298 1048 1391 1102 tostire
1416 1050 1499 1110 dicta,
1521 1052 1643 1123 quaedam

358 1130 470 1185 ridicule
491 1131 615 1190 detecta.
643 1131 742 1202 quilius
765 1148 887 1186 erescere
911 1139 1004 1203 posset
1024 1147 1093 1201 opus
1116 1129 1325 1201 pulcherrimum
1347 1140 1373 1184 et
1400 1133 1555 1205 posteritati
1581 1152 1645 1206 pre-

334 1215 491 1270 aluturum:
513 1216 551 1270 sic
572 1215 643 1270 enim
665 1223 727 1269 tuuc
750 1231 897 1288 persuasus
917 1231 992 1275 eras,
1016 1221 1068 1267 tatu
1087 1214 1185 1285 impios
1200 1223 1226 1268 et
1249 1214 1442 1270 abominabiles
1457 1234 1517 1270 esse
1535 1216 1644 1278 aluisus,

357 1307 429 1353 tauta
456 1300 556 1369 llagitia
578 1308 605 1353 ot
625 1297 727 1353 scelera
750 1299 776 1352 iu
797 1299 913 1353 llennma
936 1299 1022 1357 uncia,
1040 1306 1067 1351 et
1088 1296 1134 1350 illo
1159 1305 1217 1351 teto
1246 1299 1340 1353 oratioe
1362 1298 1538 1361 clericorum,
1561 1312 1590 1356 ut
1612 1304 1644 1357 ad

344 1384 529 1438 «lorridemlum
552 1391 579 1437 ct
602 1382 791 1454 exagitandum
809 1382 970 1454 propinandi
995 1382 1043 1435 tibi
1066 1382 1182 1454 l'apistar
1206 1382 1329 1437 irrruribus
1353 1383 1515 1438 riderentur.

439 1468 477 1521 nd
502 1467 559 1522 bruc
580 1474 608 1521 tu
629 1484 698 1521 uuus
719 1474 747 1521 et
770 1467 874 1539 primus
894 1483 962 1539 peuc
992 1466 1091 1520 autlror
1120 1484 1180 1520 eras
1204 1465 1333 1527 lluttoue,
1360 1468 1406 1538 qui
1430 1468 1714 1525 toimraoammrar.

356 1553 473 1622 partium
495 1559 653 1607 constanter
673 1550 770 1605 uransit
793 1567 879 1622 usquc
903 1551 929 1603 iu
957 1548 1048 1609 bucin,
1077 1558 1107 1603 ut
1132 1550 1157 1604 in
1178 1551 1316 1604 Germania
1349 1551 1381 1605 ad
1412 1553 1545 1607 vexandos
1573 1556 1645 1609 omni

324 1645 458 1704 ingruere
481 1644 658 1690 scemmatnm
681 1635 830 1706 Episcopus
850 1634 960 1689 llemaui
986 1633 1113 1706 l¹asquilli
1136 1633 1289 1688 libertatem
1315 1642 1343 1688 et
1370 1634 1537 1707 παρρησίαν
1558 1638 1647 1692 imita·

356 1727 440 1773 retur.
487 1720 552 1774 lliue
574 1727 636 1774 ante
654 1726 778 1774 exertum
796 1717 878 1771 etiam
902 1717 1063 1778 lartbernm,
1087 1717 1208 1790 adeoque.
1231 1727 1292 1772 aute
1308 1718 1418 1773 lloriam
1442 1720 1514 1774 illam
1536 1720 1646 1784 Erasini,

356 1804 490 1857 louuinam
520 1804 628 1858 minime
655 1810 770 1860 rnutam,
798 1803 887 1855 ruurria
915 1800 1074 1875 bibliepolia
1103 1800 1182 1873 pleua
1208 1811 1286 1856 eraut
1314 1804 1411 1857 restris
1440 1804 1494 1860 illis
1516 1805 1645 1861 aculeatis

355 1887 479 1959 scriptis,
507 1888 603 1942 restris
626 1886 843 1960 epigrammatis,
871 1886 916 1940 ubi
937 1887 1048 1941 omnine
1068 1903 1163 1957 inagna
1187 1885 1312 1941 libertate
1331 1887 1364 1942 dc
1387 1906 1484 1962 pompa
1506 1889 1645 1946 immodica

356 1970 468 2025 llemmii
492 1970 643 2044 pontificis,
662 1971 694 2025 de
713 1969 778 2025 lusu
801 1971 878 2041 regie
897 1970 1092 2031 llurdiualium,
1116 1969 1148 2024 de
1170 1971 1385 2026 scertaciouibus
1406 1973 1590 2035 Sacerdotem,
1612 1976 1645 2030 ‹lc

323 2060 347 2099 ¹5»
360 2054 426 2108 salsa
443 2055 533 2127 iuopia
549 2055 748 2114 Menaenorum,
772 2071 841 2108 nunc
858 2054 975 2127 Satprre.
999 2071 1070 2108 iriruc
1086 2053 1188 2124 llialegi
1204 2055 1342 2116 extabant,
1366 2074 1481 2128 qnorum
1499 2066 1527 2111 tu
1547 2059 1646 2113 autlror

356 2156 430 2199 eras,
460 2140 506 2194 sed
538 2138 661 2193 eccultus
690 2147 804 2210 prepter
833 2147 942 2192 ructrrm.
988 2137 1051 2192 l'lus
1077 2139 1166 2193 dentis
1192 2146 1294 2199 tumen,
1322 2139 1383 2211 plus
1407 2142 1516 2211 trogium
1542 2143 1580 2196 tui
1605 2142 1641 2196 illi
1655 2152 1713 2199 §.uu

354 2222 468 2277 Obscuri
489 2223 543 2277 tiri
568 2223 709 2281 liabebaut.
733 2240 812 2294 quam
835 2231 934 2277 catera
957 2223 1059 2280 ernrria,
1084 2231 1110 2276 et
1134 2221 1283 2283 lluttenus,
1308 2225 1347 2277 rir
1370 2223 1435 2278 alius
1459 2226 1580 2280 facundia
1600 2244 1644 2281 ex·

354 2304 463 2360 enitenti
487 2316 514 2362 et
539 2306 667 2361 facilitate
690 2308 716 2360 iu
745 2306 876 2379 poematis
899 2324 984 2379 prope
1011 2307 1111 2368 duiua,
1141 2324 1198 2378 prae
1224 2316 1249 2361 te
1276 2312 1303 2361 iu
1329 2306 1375 2363 ille
1398 2326 1513 2379 genere,
1539 2312 1646 2381 quoties

354 2389 523 2451 tlardiualcs,
554 2390 679 2462 Episcopi
708 2390 842 2445 mordicus
871 2390 1017 2462 arripiendi
1043 2400 1133 2453 eraut,
1167 2391 1276 2463 quoties
1301 2393 1490 2464 proscindendi
1518 2394 1644 2466 Papistre,

320 2485 451 2546 ¹ceparum
475 2475 575 2535 salsus,
598 2492 693 2546 purum
714 2474 838 2534 lestirus.
861 2492 955 2548 parum
978 2475 1097 2529 disertus
1120 2474 1212 2530 baberi
1232 2484 1348 2547 poterat.
1391 2476 1422 2531 Et
1442 2475 1486 2531 illa
1504 2478 1561 2550 ipsa
1575 2481 1647 2550 Ape·

356 2558 448 2629 logia,
479 2576 559 2630 quam
582 2576 652 2614 nunc
676 2577 726 2632 pre
751 2559 982 2614 llerereudissime
1006 2558 1047 2628 (ut
1069 2558 1190 2629 siruulasl
1223 2560 1370 2632 scripsisti,
1403 2561 1529 2631 frigidior
1557 2571 1585 2616 et
1619 2563 1645 2617 iu

357 2640 482 2696 erunibus
505 2644 562 2697 suis
585 2643 708 2715 partibus
732 2642 886 2714 languidior
908 2652 963 2704 cst,
993 2644 1064 2715 qued
1094 2643 1142 2698 tibi
1173 2642 1314 2699 nonlicet
1337 2643 1419 2698 relabi
1443 2645 1475 2699 ad
1497 2645 1643 2717 ingenium,

356 2725 429 2796 quod
451 2744 481 2780 ea
505 2726 613 2782 laudare
632 2728 740 2799 cogeris
763 2736 870 2788 coacta,
893 2728 981 2781 ieiuna
1005 2737 1031 2781 et
1055 2728 1180 2783 tussienti
1201 2727 1373 2799 eloquentia,
1403 2746 1464 2800 (pene
1487 2746 1538 2801 pre
1561 2730 1644 2785 ductu

356 2827 386 2863 oc
410 2809 510 2881 impetu
537 2811 619 2866 insite
647 2820 750 2865 naturae
775 2819 828 2865 tuac
852 2811 930 2884 plena
955 2828 1019 2866 rece
1041 2812 1129 2866 ridere
1152 2821 1178 2866 et
1202 2810 1368 2865 subsannare
1391 2811 1492 2867 rualles.

320 2903 345 2939 2¹⁵
442 2894 579 2950 Praetereo
605 2894 706 2950 multus
735 2895 803 2950 alies
828 2894 925 2951 Pectus
954 2895 1077 2950 eruditos
1106 2897 1218 2967 passim.
1253 2912 1321 2967 ques
1349 2895 1463 2950 occultis
1490 2896 1644 2953 sollicitasti
1656 2914 1713 2962 §.aa

355 2975 485 3049 Epistolis
507 2987 534 3033 et
557 2979 674 3034 invitasti
694 2979 725 3033 ad
742 2979 866 3034 ridendas
888 2979 1015 3035 Ecclesiae
1037 2979 1170 3034 lleruauas
1194 2996 1314 3051 puppas,
1340 2996 1447 3051 semper
1468 2980 1645 3036 vehementis·

357 3061 423 3115 sime
446 3061 618 3126 adhortatus,
643 3070 672 3117 ut
693 3063 729 3116 ibi
752 3064 802 3117 sibi
826 3062 923 3117 liberet
946 3063 1086 3117 intendere
1109 3078 1207 3117 uersos
1229 3070 1255 3114 et
1279 3062 1348 3117 rires
1371 3063 1481 3133 ingenii.
1527 3073 1554 3118 et
1575 3065 1644 3121 lraiul

356 3145 428 3205 scie,
456 3164 489 3199 au
512 3146 596 3201 ullum
619 3147 699 3201 buius
727 3146 809 3202 seculi
839 3148 970 3219 scriptum
994 3148 1033 3200 sic
1055 3146 1190 3219 l'apistiee
1215 3163 1300 3216 reguo
1322 3147 1460 3206 nocuerit,
1490 3148 1529 3202 sic
1557 3150 1645 3205 eninia

355 3229 487 3301 l¹apistica
510 3230 620 3285 ridicula
645 3230 805 3289 reddiderit,
830 3240 859 3285 ut
882 3231 919 3284 tui
945 3228 982 3283 illi
1000 3230 1112 3283 tlbscuri
1130 3230 1199 3291 l'iri,
1222 3229 1267 3301 qui
1290 3232 1378 3284 emnia
1402 3230 1509 3285 minima
1533 3234 1646 3289 maaima

320 3320 345 3358 3⁰
355 3312 517 3369 clericerum
537 3322 678 3371 verterunt
697 3314 723 3368 iu
746 3316 839 3370 risum.

441 3396 614 3462 Qoidautcm
630 3398 663 3452 de
679 3398 829 3453 Eliristiaua
852 3409 879 3452 et
902 3416 962 3453 vera
988 3398 1120 3470 religione
1143 3399 1258 3457 sentias,
1282 3415 1361 3469 «panim
1383 3399 1455 3453 serie
1478 3399 1505 3453 in
1527 3402 1713 3475 scripto-§.et

356 3480 394 3533 ris
418 3483 518 3536 sanctis
542 3482 668 3542 verseris.
701 3483 806 3538 iuterim
830 3482 923 3536 tacebo
945 3490 969 3536 et
994 3483 1026 3536 ad
1056 3481 1134 3535 ailiam
1160 3482 1280 3536 dilleram
1304 3481 1466 3554 Epistelmu‚
1499 3484 1526 3538 in
1548 3503 1601 3557 qua
1623 3488 1644 3540 si

356 3564 393 3618 ita
418 3563 507 3625 veles,
529 3566 672 3638 colloquar
697 3575 783 3622 tecum
807 3567 956 3622 cuiusmodi
980 3565 1155 3637 Tbeologiam
1179 3575 1206 3620 et
1228 3565 1335 3639 Epicuri
1358 3565 1493 3622 Paradene
1515 3585 1547 3622 en
1569 3569 1644 3625 ltalia

356 3656 445 3703 teeuur
471 3649 609 3709 attuleris¹
639 3652 716 3706 cuius
745 3649 839 3705 dilucia
867 3668 938 3705 irunc
964 3651 1096 3705 nostratia
1119 3650 1278 3705 contemnis.
1324 3649 1409 3705 Taceo
1433 3659 1493 3705 tuas
1515 3670 1644 3709 censuras
1656 3668 1713 3717 §.aa

319 3741 384 3787 aner
404 3733 530 3788 iudicium
551 3752 630 3805 grace
653 3735 686 3789 dc
708 3734 767 3789 lure
789 3736 924 3789 Eauoniee
943 3744 970 3789 ct
988 3734 1167 3789 llemanorum
1190 3734 1347 3808 pentilieum
1370 3733 1484 3806 legibus,
1505 3754 1572 3809 quas
1595 3738 1645 3792 'ius

354 3816 535 3872 cernbustum'
558 3820 627 3872 urire
649 3837 709 3875 cum
733 3819 789 3873 risu
809 3817 946 3892 appellare
969 3818 1085 3879 solebas,
1108 3819 1258 3892 dequibus
1280 3820 1444 3875 consuevisti
1466 3820 1565 3881 dicere,
1589 3838 1643 3876 nen

354 3901 421 3955 satis
439 3900 538 3973 dignes
558 3919 605 3957 ees
627 3902 712 3957 libros
732 3903 946 3958 llomauistarurn
962 3921 1031 3964 esse,
1056 3904 1101 3975 qui
1120 3904 1301 3958 Romanorum
1317 3903 1494 3959 llanliualium
1518 3904 1599 3960 mulis
1620 3915 1646 3960 et

354 3985 438 4039 asinis
461 3986 704 4042 substernerentur
724 4005 775 4061 pre
797 3988 941 4049 stramine,
967 4005 1025 4060 pros
1046 3987 1145 4060 quibus
1166 3988 1323 4042 Ciceronem
1345 3995 1466 4043 sanctum
1490 3979 1646 4062 apostolum

353 4076 381 4122 et
403 4070 491 4124 rerius
514 4071 663 4126 Romanum
683 4072 836 4143 pontiliecm
859 4090 938 4144 quam
961 4072 1077 4127 laeenem
1098 4072 1233 4127 lleciumm
1254 4071 1370 4127 dicebas.

354 4234 557 4243 -—————-

422 4333 563 4399 ¹umusitl
584 4336 637 4383 sod
657 4334 876 4385 lnrtlrcrnuurum
901 4339 1021 4401 portiuru
1045 4346 1106 4402 pest
1130 4354 1228 4387 aurium
1248 4339 1355 4387 demum
1376 4337 1448 4387 1518.
1473 4357 1534 4388 esse
1554 4342 1647 4405 erepit.

353 4420 397 4466 Cl'.
412 4434 454 4482 ep.
469 4419 494 4467 d.
509 4420 532 4467 3.
546 4420 610 4484 apr.
626 4437 650 4467 u.
668 4419 740 4468 lats.
755 4422 789 4468 od
802 4422 971 4469 Nueuurium
990 4423 1064 4470 (latre
1082 4426 1105 4480 ς’.
1121 4421 1161 4470 le.
1175 4438 1258 4486 supra
1279 4424 1329 4472 rol.
1346 4425 1366 4472 l.
1381 4442 1406 4488 p.
1426 4423 1478 4471 lbi.
1493 4431 1520 4472 et
1535 4427 1647 4488 Espost.

353 4518 376 4550 e.
392 4503 515 4554 Eresrne.
529 4505 569 4563 ἕξ.
587 4502 641 4550 172.
655 4520 712 4567 sqq.
728 4504 779 4553 rol.
796 4507 830 4553 ll.
844 4522 869 4569 p.
884 4506 941 4554 2¹23.
956 4523 1013 4570 sqq.
1079 4506 1100 4537 ¹⁰
1118 4507 1194 4558 llem.
1208 4506 1355 4573 l‘asquilli]
1377 4509 1394 4556 i.
1410 4526 1432 4556 e.
1447 4509 1551 4573 dialogi
1572 4511 1647 4559 ‘l‘os-

353 4585 471 4649 quillus’,
492 4603 571 4651 quem
591 4593 746 4651 repetemus
765 4590 817 4638 rol.
834 4590 897 4639 llll.
944 4588 965 4620 ¹²
983 4587 1094 4653 restris]
1114 4590 1233 4638 Nimium
1251 4591 1303 4639 boe
1322 4592 1444 4641 ridetur:
1465 4608 1525 4641 curn
1538 4596 1648 4644 Erasini

353 4670 444 4718 Morio
464 4678 686 4735 componeretur,
713 4688 784 4722 rinno
813 4673 901 4733 laud,
929 4676 1080 4734 Humerum,
1107 4675 1248 4723 vicenario
1266 4676 1311 4723 vix
1329 4677 1428 4736 mnier,
1453 4684 1550 4728 centra
1569 4680 1648 4729 eleri-

355 4769 446 4802 corum
471 4756 644 4815 tyrrannidem
669 4757 785 4805 noudum
814 4762 1020 4816 essrrrrexernt,
1045 4774 1133 4821 neque
1158 4762 1287 4809 octennio
1311 4761 1369 4809 lere
1393 4762 1480 4811 nroier
1498 4762 1597 4812 erotus
1617 4782 1649 4813 ce

354 4847 476 4901 tempore
495 4839 641 4888 sortiturum
661 4855 771 4888 silurum
791 4843 936 4905 quicquam
955 4842 1157 4905 publicaverat.
1207 4842 1226 4873 ¹¹
1244 4845 1293 4893 uo.
1308 4847 1386 4895 l'eut.
1402 4848 1426 4894 1.
1474 4849 1650 4898 scortationi·

353 4922 479 4970 busm.
546 4923 566 4954 ¹⁶
584 4925 688 4980 clientis.
710 4930 801 4974 lumem
820 4926 879 4990 plus
898 4941 923 4973 u.
996 4926 1016 4957 ¹⁹
1035 4934 1146 4988 eroutu,
1168 4930 1257 4991 qoties
1272 4932 1295 4976 1.
1359 4929 1380 4960 ¹¹
1400 4932 1538 4981 llemouns
1555 4949 1648 4981 primes.

351 5003 373 5037 ²¹
392 5007 428 5055 Et
447 5007 518 5055 baud
538 5006 603 5073 etc]
623 5007 825 5072 Srrlrseripserit
844 5008 961 5073 quilibet
986 5011 1066 5061 buius
1091 5015 1223 5078 temporis
1242 5030 1353 5079 guarus.
1423 5015 1446 5046 ³³
1464 5017 1607 5068 Rel’ent.
1623 5020 1648 5069 1.
