3934 6034
416 674 488 746 336
526 691 737 740 cccxxxtltt.
757 707 942 740 nnvnsrensn
959 708 1010 740 rnen
1025 708 1153 742 nrrrrmo
1168 709 1202 742 an
1216 708 1318 742 ranasur
1334 709 1473 743 erosorarr
1488 707 1650 743 nesrossro.

479 861 575 941 [garo]
621 883 670 922 nn.
701 867 764 920 Nisi
784 869 920 936 protinus
948 868 1092 938 iugulator
1119 870 1231 933 ccistit,
1267 870 1296 922 in
1330 884 1401 939 qnos
1435 870 1503 923 iactr
1530 869 1695 924 convicium.

416 968 465 1008 or.
490 950 521 1006 Et
544 951 590 1024 qui
613 958 721 1024 poterat
743 951 839 1007 melius
861 969 1016 1025 expugnare
1039 961 1066 1007 et
1094 951 1190 1008 laedere
1219 970 1297 1027 qnam
1326 954 1453 1024 detegere
1482 952 1590 1009 illorum
1619 971 1696 1026 syco-

415 1037 551 1110 phantias,
574 1035 715 1097 maleficia,
740 1037 860 1096 lraudcs,
885 1037 995 1092 technas
1018 1046 1045 1093 et
1069 1038 1257 1111 tyrannidem?
1289 1038 1405 1094 Detraxit
1434 1046 1538 1093 tantum
1560 1037 1648 1094 larras
1669 1047 1695 1092 et

414 1138 560 1195 personas,
583 1130 611 1177 ct
634 1121 671 1177 sic
693 1122 799 1178 conlnsi
823 1130 899 1180 sunt.
930 1131 959 1176 ut
982 1123 1067 1194 tnagis
1098 1123 1178 1178 bodie
1207 1124 1350 1196 dignemur
1373 1124 1472 1179 Turcas
1501 1141 1580 1198 qnam
1602 1124 1696 1179 lloma·

356 1274 363 1287 ·
414 1223 520 1262 nenses.
565 1207 660 1274 Quaeso
685 1215 724 1269 te,
748 1208 793 1280 qui
819 1208 996 1281 imperaturos
1018 1216 1046 1262 et
1068 1208 1148 1263 Gotbi
1172 1209 1209 1263 sic
1233 1226 1349 1282 uuquam
1379 1209 1527 1264 obfuerunt
1549 1208 1631 1263 ltalia·
1655 1217 1715 1263 rad

414 1300 505 1354 statae,
530 1292 752 1365 quemadmodum
774 1293 828 1347 dno
852 1291 907 1353 illi,
943 1292 1078 1348 lutherus
1101 1302 1128 1349 et
1151 1293 1302 1349 llnttcnus?
1336 1303 1362 1349 ct
1393 1302 1481 1349 tamen
1510 1312 1544 1349 ne
1567 1311 1694 1354 muscam,

414 1386 443 1433 ut
465 1378 568 1452 inquis,
592 1377 720 1433 laeserunt
742 1378 944 1434 Romanensem.

478 1458 575 1539 [aab]
621 1480 669 1519 nn.
694 1464 751 1518 Sed
773 1466 877 1530 rident,
906 1482 943 1517 nn
971 1466 1107 1534 capediat
1135 1466 1254 1519 irritare
1283 1481 1354 1535 piros
1381 1466 1510 1520 irritatos
1532 1483 1588 1520 non
1611 1471 1696 1536 queat

412 1550 583 1621 opprimere.
650 1566 700 1603 or.
725 1548 756 1603 {Ji
779 1566 832 1604 nou
855 1549 979 1621 expediat
1001 1549 1121 1621 propriis
1144 1549 1238 1610 rebus,
1270 1559 1311 1605 est
1335 1559 1422 1605 tarrrcn
1444 1550 1625 1605 Christianum
1648 1550 1696 1604 im·

412 1634 473 1708 pios
495 1651 610 1707 argncre
633 1642 660 1689 ct
683 1634 799 1689 adimere
824 1634 876 1688 illis
900 1634 1033 1688 licentiam
1057 1634 1197 1707 peccandi,
1227 1635 1265 1690 rel
1296 1636 1357 1690 uitia
1387 1653 1432 1690 sua
1456 1635 1635 1708 exprobrare.
1666 1643 1728 1690 ntro

413 1720 498 1775 sciant
521 1737 549 1774 se
572 1737 626 1774 non
649 1719 799 1775 Christiane
822 1737 911 1789 agere.
949 1728 975 1774 ct
1000 1718 1062 1774 licet
1085 1736 1249 1792 nequeamus
1277 1721 1445 1794 opprimere,
1479 1729 1561 1793 atque
1590 1719 1629 1774 illi
1651 1737 1696 1775 co·

413 1814 492 1861 uatus
516 1813 625 1859 nostros
649 1806 821 1879 opprinumt;
855 1804 917 1859 dum
940 1805 1111 1877 opprimunt,
1144 1813 1230 1861 tamen
1254 1822 1304 1862 nos
1333 1806 1474 1866 rinciunrs.
1503 1815 1530 1862 et
1553 1807 1697 1861 vincuntur

413 1891 459 1964 qui
483 1890 684 1964 opprimebant:
708 1889 930 1963 qnemmlunulnm
954 1890 1059 1944 occisus
1081 1898 1122 1943 est
1146 1900 1172 1944 et
1188 1891 1312 1946 Christus
1335 1900 1361 1945 et
1385 1899 1472 1946 lamen
1496 1891 1581 1947 victor
1602 1890 1695 1950 erasit,

412 1977 534 2033 vicerunt
561 1985 588 2030 el
617 1976 700 2031 sancti
729 1984 755 2030 ut
786 1982 872 2030 tamen
904 1991 958 2029 non
988 1982 1184 2048 oppresserunt
1219 1994 1287 2049 qeins
1322 1977 1504 2031 irritaverunt.
1547 1977 1696 2049 Propterea

412 2061 496 2122 enim,
521 2061 625 2134 inquit,
649 2078 682 2115 nc
705 2061 834 2116 formides
856 2078 869 2113 a
895 2061 960 2115 lacie
984 2077 1095 2120 eornm:
1129 2078 1178 2115 nec
1205 2061 1275 2115 renim
1307 2061 1450 2116 timorate
1474 2060 1729 2116 laciamvultnmrs

412 2164 520 2202 eornrrr:
553 2163 605 2219 ego
628 2146 728 2220 quippe
751 2146 811 2209 dedi
836 2154 861 2200 te
885 2145 964 2200 bodie
988 2145 1013 2198 in
1036 2146 1171 2202 civitatem
1195 2147 1323 2202 munitam
1345 2155 1370 2201 et
1395 2147 1422 2201 in
1446 2163 1551 2201 murum
1574 2163 1695 2205 aeneum.

412 2249 495 2306 snper
517 2248 622 2287 ornnem
647 2240 759 2291 terram,
789 2230 899 2302 regibus
922 2230 984 2284 luda
1008 2238 1033 2283 et
1056 2231 1224 2304 principibus
1247 2232 1305 2285 (rins
1328 2238 1356 2286 ct
1379 2230 1564 2287 sacerdotibus
1586 2231 1646 2287 eius
1668 2239 1697 2285 et

413 2318 483 2374 omni
509 2317 610 2392 populo
634 2324 727 2377 terram
750 2326 777 2370 et
799 2316 938 2371 bellabunt
961 2315 1100 2370 adrcrsurn
1125 2324 1164 2375 te.
1196 2326 1222 2371 et
1250 2334 1305 2371 non
1327 2315 1524 2390 praeralebnnt,
1554 2316 1617 2389 quia
1644 2333 1697 2388 ego

413 2411 499 2458 tecum
523 2420 595 2462 sum,
629 2411 659 2456 nt
682 2401 793 2456 liberem
816 2409 856 2461 tc,
890 2400 955 2455 dicit
977 2400 1110 2455 dominns.
1160 2401 1192 2457 Et
1215 2419 1336 2462 rursum,
1372 2402 1411 2458 Tu
1433 2411 1522 2457 autem
1544 2419 1579 2457 ne
1602 2402 1698 2457 timeas

412 2506 474 2551 eos,
510 2504 598 2561 nequo
620 2504 759 2542 sermones
781 2504 875 2542 corum
904 2493 1023 2548 metuam,
1058 2488 1184 2558 quoniam
1214 2486 1343 2542 increduli
1371 2496 1399 2542 et
1427 2487 1602 2543 subversores
1631 2495 1731 2541 suntor

412 2584 513 2634 tecum,
536 2580 645 2628 etcum
669 2571 858 2644 scorpionibus
881 2570 994 2625 liabitas,
1033 2570 1110 2625 rerba
1134 2589 1283 2628 eorumne
1307 2572 1416 2630 timeas,
1439 2579 1467 2627 ct
1490 2571 1580 2627 rnltus
1600 2589 1696 2627 eornm

412 2677 445 2715 ue
469 2658 612 2720 lormides,
643 2658 704 2730 quia
727 2658 823 2712 dumus
845 2673 1008 2730 exasperans
1031 2664 1086 2714 cst:
1121 2666 1148 2713 et
1171 2655 1264 2712 oculos
1295 2657 1394 2712 liabent
1422 2658 1453 2712 ad
1482 2657 1638 2717 ridendum.
1668 2665 1696 2711 et

412 2761 466 2799 nnn
488 2744 592 2805 rident,
615 2751 642 2799 et
665 2760 743 2798 aures
765 2743 797 2798 ad
820 2742 995 2802 audiendum,
1017 2750 1045 2797 et
1067 2758 1121 2797 uon
1144 2743 1264 2799 arnlinnt.

476 2824 574 2906 [tm]
619 2845 668 2884 sn.
692 2829 887 2884 Romnrrcnscs
909 2835 1042 2897 optarent
1069 2843 1182 2898 seraper
1211 2831 1281 2883 tales
1308 2828 1361 2881 sibi
1388 2828 1499 2895 trustes,
1532 2828 1627 2898 queatis
1654 2833 1699 2881 est

412 2914 565 2971 Huttennr.
634 2930 683 2970 or.
707 2912 774 2968 liant
789 2931 856 2986 ergo
872 2930 944 2968 nnnc
960 2920 987 2967 et
1005 2913 1151 2985 procedant
1166 2931 1226 2970 cnm
1243 2912 1424 2968 mercimoniis
1440 2912 1511 2974 suis,
1534 2930 1595 2967 cnm
1612 2910 1694 2966 bullis
1705 2930 1730 2971 aa

412 3011 439 3056 et
460 3000 551 3061 carris,
574 3016 634 3055 cum
657 3016 821 3073 pergameno
837 3007 864 3053 et
879 2997 1005 3072 plumbo.
1033 3016 1093 3053 cum
1110 2998 1286 3070 indulgentiis
1302 3006 1330 3052 et
1344 2996 1603 3071 dispensationibus,
1627 3014 1697 3071 pras·

412 3087 547 3157 stringant
571 3084 665 3141 oculos
688 3084 766 3139 nobis
788 3102 848 3140 cum
870 3084 1040 3139 anathemate
1063 3091 1090 3138 et
1112 3084 1259 3157 prestigiis
1275 3082 1344 3143 suis.
1374 3084 1396 3137 si
1414 3082 1549 3150 tamnilril
1565 3082 1697 3155 estquod

412 3172 475 3227 lecit
499 3169 641 3226 lluttenus.
666 3170 771 3225 videant
794 3187 826 3224 an
851 3169 971 3242 potnerit
994 3185 1111 3241 unquam
1133 3169 1219 3225 maior
1234 3176 1261 3225 et
1275 3167 1412 3222 crrnlelior
1427 3168 1512 3242 pestis
1526 3170 1696 3239 contingere.

476 3250 573 3332 [tva]
618 3272 667 3311 nn.
699 3255 798 3311 Vellem
823 3262 916 3308 aretem
939 3256 1013 3309 scire
1036 3269 1074 3308 ea:
1097 3254 1223 3309 Hutterro
1250 3269 1320 3324 qnos
1347 3255 1464 3321 sentiat,
1497 3255 1607 3323 quoties
1628 3254 1698 3308 dicit

412 3345 481 3397 ‘nos’
505 3347 532 3396 et
554 3342 660 3395 mobis.
728 3356 778 3397 or.
801 3340 856 3395 bisi
879 3357 920 3394 me
944 3337 1013 3394 lallit
1036 3339 1175 3398 irnlicimn.
1208 3357 1255 3394 cos
1278 3338 1403 3394 nimirum
1432 3338 1477 3411 qni
1501 3336 1595 3394 volunt
1617 3354 1731 3410 eran-eo

412 3424 511 3498 gelinm
536 3425 561 3480 in
585 3425 671 3481 lucem
695 3426 800 3484 venire,
825 3442 875 3479 nos
898 3442 965 3497 pure
987 3432 1015 3479 et
1038 3423 1121 3480 libere
1144 3424 1251 3480 lllrristo
1274 3425 1388 3484 servire,
1418 3422 1534 3478 rescindi
1558 3422 1697 3478 abomina-

412 3512 501 3567 tiones
524 3511 672 3584 pontillcis,
704 3511 842 3566 coherceri
872 3509 1069 3565 intolerabilem
1093 3510 1285 3583 impudentiam
1309 3508 1552 3580 indulgentiarum,
1586 3509 1697 3581 dispen-

412 3597 560 3657 sationum,
584 3595 732 3657 bullarum,
748 3595 960 3652 ceremoniarum
977 3602 1003 3649 et
1021 3594 1123 3666 vulgari
1141 3612 1190 3668 pro
1207 3595 1259 3650 biis
1274 3611 1344 3649 rerer
1360 3595 1446 3649 studia
1463 3593 1582 3667 pietatis,
1598 3594 1696 3649 ‹tirina

411 3683 553 3755 scripturn
575 3681 669 3737 cedere
691 3682 816 3753 dogmata
840 3689 866 3735 et
890 3680 1032 3754 opiniones
1055 3680 1207 3740 bominum.
1237 3679 1342 3753 explodi
1366 3696 1460 3735 omnes
1483 3680 1577 3736 sordes
1601 3688 1628 3735 et
1649 3696 1695 3734 cx·

410 3776 587 3841 purgamenta
608 3784 741 3822 canonum
764 3766 976 3840 pontificiorum,
1000 3764 1102 3820 aboleri
1126 3763 1276 3839 prostibula
1299 3782 1389 3838 papae,
1423 3765 1562 3838 gymnasia
1585 3772 1613 3819 et
1633 3781 1729 3823 aea-ss

410 3853 512 3908 «leonas
534 3860 561 3907 et
584 3852 610 3907 in
634 3851 688 3907 illis
711 3852 861 3907 residentes
883 3849 996 3906 lenones
1018 3849 1147 3923 lenesque
1176 3858 1203 3906 ct
1233 3850 1323 3924 lupas.
1352 3850 1493 3911 Tlromam.
1517 3850 1644 3911 Scotum,
1668 3858 1694 3903 ct

411 3938 588 3993 scholasticos
610 3938 780 4000 seductores,
803 3934 934 4009 evangelii
957 3953 1135 4010 oppressores
1154 3944 1182 3990 et
1196 3937 1391 4009 scripturarum
1406 3935 1607 3991 obscuratores.
1644 3934 1696 3989 bns

411 4023 466 4078 rult
489 4041 549 4079 cum
571 4023 635 4079 dicit
659 4024 726 4078 ‘nus'
749 4032 776 4077 et
800 4021 904 4081 ‘nobis',
927 4030 955 4076 et
977 4039 1009 4076 es
1031 4022 1133 4076 uostris
1156 4020 1278 4094 partibus
1301 4028 1364 4075 snut
1387 4021 1433 4093 qui
1452 4019 1604 4075 huiusmodi
1621 4029 1695 4079 saint.

411 4108 436 4164 id
460 4118 501 4164 est
524 4126 555 4163 er
578 4126 661 4182 grege
684 4108 791 4163 Christi.
836 4108 901 4162 llum
924 4115 1013 4161 autern
1036 4107 1090 4160 sint
1113 4107 1158 4179 uui
1182 4106 1237 4162 banc
1260 4107 1338 4161 ctiam
1363 4106 1536 4178 impugnant,
1569 4114 1598 4159 tu
1627 4105 1694 4165 ride,

411 4211 442 4249 es
465 4211 581 4268 quorum
604 4193 726 4267 partibus
749 4211 819 4248 nunc
842 4200 912 4247 stes:
934 4200 1008 4247 certo
1032 4208 1086 4246 non
1109 4191 1171 4246 lieet
1194 4191 1343 4246 neutralem
1365 4198 1392 4245 et
1414 4191 1530 4245 medinm
1552 4208 1622 4245 esse.
1704 4208 1731 4247 ao

475 4274 573 4356 [sm]
620 4297 667 4334 un.
694 4279 804 4334 Horum
828 4279 923 4332 nullus
945 4285 987 4331 est
1009 4279 1059 4347 qni
1078 4277 1199 4331 Hntteni
1219 4283 1339 4331 conotus
1356 4277 1475 4346 probet,
1499 4291 1534 4330 ne
1556 4278 1618 4347 epse
1634 4276 1696 4345 qui-

409 4368 472 4420 dem
495 4365 646 4420 Lntlrerns.
713 4381 763 4420 or.
787 4363 844 4418 b'on
869 4363 993 4435 protinus
1015 4361 1114 4417 malum
1137 4371 1179 4416 est
1201 4362 1289 4435 siquid
1312 4378 1365 4416 non
1389 4360 1422 4415 ab
1444 4360 1569 4416 omnibns
1597 4360 1696 4433 proba·

410 4460 467 4512 tur;
492 4452 649 4525 frequenter
663 4450 734 4505 enirn
750 4448 831 4504 etiarn
854 4448 954 4521 optima
977 4447 1135 4521 displicent:
1159 4448 1224 4502 satis
1248 4447 1298 4501 lud
1321 4463 1425 4518 murram
1447 4464 1569 4501 caussam
1585 4445 1695 4501 habere.

410 4537 449 4591 dn
472 4553 536 4591 vero
558 4536 693 4591 Lutlrerns
717 4533 922 4608 improbaverit,
958 4533 1062 4593 nescio.
1097 4550 1184 4605 neque
1207 4532 1348 4587 admodum
1378 4532 1428 4586 boe
1457 4531 1559 4592 refert:
1593 4532 1695 4586 maiora

411 4620 448 4676 illi
473 4620 661 4677 incumbebant
684 4637 762 4693 ipram
785 4628 815 4674 nt
837 4636 939 4674 caussae
962 4618 1112 4674 lluttenica
1136 4619 1271 4689 ingereret
1293 4635 1336 4672 se:
1367 4615 1453 4670 literis
1482 4633 1566 4689 super
1594 4616 1643 4671 bac
1667 4634 1730 4675 reu

411 4715 536 4762 testatum
559 4705 660 4778 aliquid
682 4724 696 4760 a
719 4705 837 4760 Lutbero
860 4703 926 4758 nilril
950 4704 1010 4758 rien.

476 4890 483 4922 ¹
503 4890 641 4954 iugulatos
655 4891 794 4939 existinmt
807 4888 903 4953 Sponp.
917 4896 941 4936 et
956 4891 981 4936 ³.
996 4888 1096 4938 rectius.
1116 4888 1164 4934 m'sr'
1181 4888 1262 4935 addae
1281 4886 1325 4949 qui
1345 4885 1373 4934 in
1386 4884 1455 4933 ulios
1508 4882 1518 4913 ⁵
1536 4889 1648 4933 tractate
1670 4888 1693 4934 1.

407 4985 518 5029 vastare
539 4980 564 5026 3.
616 4976 724 5025 ⁷lcser.
738 4984 764 5023 nt
781 4983 857 5025 natea
870 4973 960 5024 ledere
976 4976 999 5021 1.
1053 4972 1074 5003 ²⁶
1093 4971 1203 5020 ceried.
1255 4970 1276 5000 ²²
1295 4970 1523 5034 perstringnut3.
1576 4968 1599 5000 ³³
1618 4972 1695 5019 codr-

407 5065 464 5116 ceri
484 5067 510 5114 3.
563 5061 585 5095 ³⁴
604 5078 702 5113 cerem.
723 5064 749 5110 3.
801 5064 836 5112 iis
856 5061 881 5109 3.
933 5058 1200 5108 ³⁶Acadcm1cas3.
