3934 6034
333 652 405 723 282
505 668 701 721 cccxxxllt.
722 686 839 723 srosors
852 687 954 723 sessui
968 687 1110 723 sovrnsvs
1123 686 1294 723 aorsnarsss
1309 689 1439 723 nvrrenr.

332 842 512 916 respondens
538 842 581 903 od
607 843 748 916 quosdam
775 846 914 904 articulos
937 862 1008 919 quas
1027 852 1058 904 ut
1077 847 1229 905 baereticae
1247 854 1359 920 praeter
1379 862 1501 904 eausam
1521 847 1609 905 odio-

330 945 441 1004 sissime
453 943 558 1015 suerat
575 946 730 1004 insectatus
750 946 888 1006 Nicotaus
900 948 1125 1011 Ecrnondanus:
1147 950 1208 1006 illic
1225 950 1253 1005 in
1270 949 1351 1006 tilido
1366 964 1434 1007 uoco
1451 951 1516 1007 illos
1532 948 1610 1019 sra-

330 1053 390 1105 tres
411 1046 610 1116 honorandas,
633 1053 661 1105 et
682 1049 716 1124 in*
730 1050 792 1107 alia
809 1049 938 1122 qriodarn
960 1053 1078 1124 appello
1096 1066 1145 1109 eos
1156 1057 1260 1124 potres
1275 1051 1451 1110 reuerendos
1468 1058 1497 1109 et
1511 1052 1609 1109 donti-

330 1166 382 1208 nos
393 1150 556 1223 plurimum
576 1148 780 1209 observandos.
825 1149 900 1209 Sunt
919 1154 1006 1209 etiarn
1025 1154 1100 1209 inter
1121 1153 1185 1210 illos
1206 1154 1258 1225 qui
1274 1152 1344 1210 bene
1362 1156 1460 1211 ootrint
1472 1153 1608 1219 Erasino,

331 1250 520 1323 santonibus
544 1251 721 1325 displiceant
748 1268 843 1311 mores
864 1253 1049 1312 Ecrnondoni
1076 1270 1113 1311 ae
1142 1254 1301 1321 l'ineentii;
1323 1260 1439 1313 suntet
1459 1255 1629 1314 sonabiless

264 1357 330 1407 §.no
340 1353 469 1426 quidam.
513 1352 644 1411 Primum
659 1354 816 1413 ridiculum
833 1362 877 1413 est
889 1357 1021 1413 criminis
1040 1357 1102 1413 loco
1119 1355 1243 1413 obiicere
1259 1358 1354 1414 titulos
1368 1360 1508 1426 solennes,
1527 1373 1608 1430 auos,

332 1462 362 1513 ut
379 1455 523 1524 dicimus,
545 1456 575 1511 in
597 1455 699 1514 mediis
720 1456 801 1514 bellis
821 1456 908 1515 bostis
928 1457 1029 1515 tribuit
1050 1457 1132 1516 busti.
1177 1458 1284 1516 deinde
1304 1475 1426 1517 eorunm
1444 1475 1537 1517 meum
1551 1475 1609 1532 apo

329 1555 413 1629 repud
432 1557 515 1617 illos:
537 1556 610 1629 quid
624 1557 679 1616 ltoc
698 1559 741 1616 ad
753 1554 933 1618 Huttenurn?
955 1560 1028 1631 quid
1041 1567 1136 1619 autern
1154 1561 1268 1617 stultius
1285 1577 1373 1633 arram
1390 1576 1438 1619 eos
1455 1568 1608 1620 contume-

332 1659 402 1716 liose
422 1660 577 1732 appellare
595 1658 698 1732 quibus
718 1660 835 1719 studeas
852 1661 981 1734 probari
1001 1677 1123 1719 caiisarn
1140 1641 1250 1719 ‘tuami
1274 1678 1368 1736 porro
1392 1663 1465 1736 quid
1481 1664 1610 1736 iniquius

264 1765 329 1816 §.tw-
342 1775 429 1834 onom
446 1766 532 1818 toturn
549 1761 681 1819 ordinem
703 1762 825 1829 ledere,
848 1779 935 1835 quum
952 1765 977 1820 is
996 1779 1052 1820 non
1069 1760 1240 1821 mereatur?
1261 1762 1321 1832 Sed
1333 1766 1414 1837 tinae
1430 1780 1529 1823 ornnes
1546 1781 1609 1823 esse
1619 1777 1642 1818 io

330 1864 477 1922 inimicos:
500 1870 579 1921 certe
598 1864 745 1921 civilitatis
766 1880 803 1922 ne
822 1866 991 1937 prudentiae
1012 1872 1055 1923 est
1074 1881 1160 1937 quarn
1180 1867 1373 1937 paucissimos
1394 1867 1522 1933 loedere·
1538 1883 1609 1924 niem

328 1967 397 2035 fieri
407 1971 517 2038 potest,
540 1972 571 2023 ut
587 1966 690 2024 coeteri
706 1970 759 2022 ant
772 1968 850 2037 fiant
870 1969 959 2025 arniei
978 1974 1032 2024 erut
1048 1969 1146 2025 mitius
1164 1968 1222 2024 sint
1240 1969 1364 2026 inimici:
1390 1969 1524 2041 equidem
1550 1985 1608 2026 non

327 2041 517 2126 dissimulabo
537 2082 582 2125 me
598 2083 707 2141 cupere
726 2082 832 2141 pacem
850 2070 877 2125 si
894 2071 964 2139 lieri
978 2071 1082 2142 possit,
1105 2085 1161 2127 non
1183 2072 1274 2127 solunt
1295 2084 1360 2126 cum
1381 2069 1609 2129 Looareiensibus

330 2170 481 2244 dederis,
502 2185 601 2227 uerum
616 2170 702 2227 etiarn
718 2184 783 2227 curn
800 2171 943 2228 uniuersis
957 2170 1214 2245 predicatoribus.
1250 2168 1316 2226 tom
1335 2171 1414 2242 qiiod
1426 2171 1609 2243 vociferatur

330 2288 375 2331 ine
392 2277 458 2347 post
474 2273 633 2330 excitatura
655 2270 822 2329 incendium
837 2271 970 2331 blandiri
989 2273 1130 2341 nostibus,
1148 2272 1283 2345 quodque
1296 2274 1325 2329 in
1344 2274 1461 2331 illorum
1476 2276 1606 2347 aratiam
1619 2285 1642 2327 ts

330 2391 409 2433 nunc
429 2373 508 2432 bunc
525 2389 603 2431 nunc
618 2374 698 2431 illurn
716 2388 755 2430 cx
769 2376 871 2433 amicis
891 2376 1052 2449 arripiant,
1077 2375 1219 2447 etiamsi!
1235 2373 1349 2446 salsum
1366 2391 1435 2434 moa
1456 2378 1608 2450 aperiam:

263 2482 329 2535 §.¹²1.
342 2492 420 2534 nune
437 2477 658 2547 enirrterimina
675 2491 844 2548 persequor.
889 2476 971 2535 Audi
989 2493 1068 2534 nilne
1087 2477 1172 2533 (iliud
1187 2485 1391 2549 arpurnentum
1406 2480 1610 2537 inconstantia

329 2595 415 2648 mere,
433 2585 464 2636 ut
480 2584 569 2651 putat
587 2576 742 2647 liuttenus‚
764 2578 818 2636 sed
833 2593 938 2636 reuera
955 2579 1047 2651 ipsius
1063 2578 1267 2651 impudentia:
1290 2581 1333 2637 ait
1346 2594 1391 2637 nte
1405 2582 1525 2638 muttum
1544 2581 1609 2638 dis-

329 2682 452 2740 sensisse
473 2695 492 2737 a
507 2678 613 2737 sobolis
630 2678 792 2737 Coloniensi
811 2686 839 2737 et
855 2679 1030 2739 lovaniensi
1036 2720 1043 2744 ‚
1066 2695 1153 2751 anion
1173 2680 1348 2739 Sentinento
1366 2697 1419 2739 suo
1433 2682 1610 2740 damnarent

330 2785 440 2856 aliquot
460 2783 599 2841 ardendas
619 2780 753 2849 lutheri,
776 2797 854 2840 nune
875 2782 951 2840 idem
968 2781 1100 2856 probare
1119 2782 1199 2854 quod
1213 2784 1302 2855 prius
1322 2784 1510 2852 damnarem,
1531 2797 1644 2856 pro-ro

327 2892 432 2960 pterea
447 2884 526 2958 quod
541 2886 571 2942 in
591 2885 713 2958 epistota
729 2884 859 2956 proadem
880 2884 923 2941 od
934 2883 1128 2942 Loeianienses
1149 2882 1293 2956 tneolopos
1314 2886 1416 2943 iactern
1439 2900 1486 2942 me
1503 2885 1609 2958 dispu-

263 2995 329 3045 iw.
342 2986 497 3046 lotionibus
518 2988 633 3044 illarum
654 2986 797 3043 aduersus
821 2984 980 3043 ertlrerum
1002 2987 1231 3044 constantissime
1247 2985 1369 3057 fauisse.
1413 2985 1470 3045 Hie
1490 2987 1564 3045 inibi
1583 2996 1610 3045 lc

276 3082 278 3088 ’
330 3104 444 3166 queso,
467 3090 570 3158 lector,
593 3087 794 3145 animadverte
810 3088 990 3145 maliciosurn
1013 3089 1043 3145 in
1063 3087 1188 3145 Hutteuo
1206 3090 1304 3146 omnia
1324 3090 1529 3148 calumniandi
1544 3098 1609 3147 stu-

330 3193 428 3250 dium:
443 3192 582 3248 articulos
597 3191 661 3247 illos
676 3205 730 3246 nec
746 3188 873 3261 probaui
886 3205 940 3247 nec
956 3190 1119 3263 improbari
1133 3206 1280 3262 urtqnain,·
1295 3190 1427 3249 nolebam
1441 3193 1518 3249 enim
1530 3208 1609 3263 prai-

329 3294 439 3364 tipeort
464 3290 635 3365 quibusdam
661 3305 736 3348 ansa
759 3291 888 3365 proebita
913 3306 1002 3363 quam
1030 3291 1209 3364 captabant·
1233 3298 1409 3365 prouocatus
1436 3308 1456 3349 a
1482 3308 1527 3350 rna
1555 3309 1644 3350 co-is

330 3411 396 3455 rom
418 3400 531 3453 rectore
552 3392 776 3463 Eeraondanus,
806 3399 838 3450 ut
856 3391 1014 3466 proferret
1036 3395 1081 3450 ael
1105 3408 1193 3449 tineent
1223 3395 1379 3451 articulum
1400 3410 1483 3466 artem
1504 3410 1558 3466 epo
1579 3397 1610 3451 in

330 3497 457 3556 Lutbero
479 3498 523 3553 oet
537 3497 612 3554 inter
620 3497 732 3569 poeula
750 3493 959 3566 defendissent,
976 3509 1066 3575 ‘quum
1086 3493 1160 3552 nibil
1176 3494 1298 3553 baberet
1309 3496 1388 3568 quad
1401 3496 1518 3565 diceret,
1531 3513 1610 3570 pro-

263 3601 407 3659 §·¹²³·tulit
426 3601 520 3657 locum
542 3599 573 3655 in
600 3599 721 3671 epistola
743 3596 786 3655 ad
805 3597 989 3655 cardinalem
1003 3595 1218 3668 xblopuntinum
1246 3597 1283 3653 de
1307 3597 1498 3669 consessione.
1542 3597 1612 3656 Illic

329 3704 377 3760 uio
399 3700 621 3759 Ecrnondonum
645 3700 761 3773 publice
780 3699 936 3756 darnnasse
962 3697 1041 3770 acted
1068 3712 1125 3755 non
1148 3699 1350 3755 intellexerat:
1374 3702 1456 3771 ataid
1476 3700 1530 3758 boe
1551 3716 1610 3757 aon

329 3810 373 3863 est
393 3801 555 3874 defendere
578 3801 659 3874 quod
680 3802 800 3874 scripsit
819 3799 980 3869 Lutberus,
1005 3800 1059 3856 sed
1079 3801 1157 3856 illius
1181 3799 1391 3873 impudentiam
1409 3803 1538 3876 prodere
1560 3805 1645 3877 quin

330 3922 388 3965 non
407 3906 552 3963 intellecta
573 3921 607 3963 re
627 3902 805 4001 vociferatus
819 3903 857 3959 sit
870 3899 955 3974 apud
968 3902 1120 3975 populum.
1166 3902 1213 3958 ‘At
1225 3908 1295 3974 post
1307 3900 1397 3973 foveo
1414 3905 1530 3962 illoram
1545 3904 1611 3962 dis-

330 4004 555 4084 putationibus.
602 4006 681 4076 Quid
706 4004 761 4063 lioe
789 4004 831 4061 ad
852 3998 1083 4061 Sentimentuut?
1106 4018 1160 4060 nec
1181 4005 1258 4061 enini
1284 4005 1345 4062 illic
1367 4005 1529 4078 disputent,
1558 4006 1613 4064 sed

326 4110 543 4187 pronunciant,·
565 4125 619 4167 nec
635 4109 752 4178 docent,
776 4107 830 4164 sed
844 4106 996 4163 damnant.
1041 4104 1193 4162 seditiosas
1208 4107 1275 4163 illas
1290 4105 1511 4178 vociferationes
1526 4108 1614 4182 apud

327 4215 482 4289 populum,
505 4213 535 4269 in
554 4210 658 4284 qitibns
672 4210 764 4267 rotella
777 4209 878 4282 palam
900 4206 1126 4277 mentiebantur,
1148 4222 1264 4280 semper
1281 4207 1445 4281 improbari
1457 4215 1485 4266 et
1502 4209 1610 4266 ltortu-

330 4323 375 4374 tus
394 4331 458 4373 sura
471 4329 519 4372 eos
534 4318 565 4370 ut
578 4313 636 4370 illis
649 4312 760 4370 arnissis
775 4311 955 4381 arcitenentis
974 4310 1159 4366 revincerent
1172 4307 1345 4380 Lutberurn,
1363 4319 1391 4367 et
1408 4312 1436 4367 si
1450 4312 1501 4368 ille
1516 4327 1609 4367 erro·
1620 4326 1647 4365 ss

263 4424 330 4476 §.¹²4.
344 4424 396 4488 ret,
412 4418 550 4475 docerent
563 4416 695 4473 meliora.
728 4413 761 4471 id
773 4417 874 4486 postea
887 4411 956 4481 fieri
969 4419 1094 4483 captum
1110 4418 1153 4468 est
1169 4411 1205 4468 ab
1219 4413 1278 4468 iltis
1292 4414 1364 4469 sutis
1378 4411 1542 4469 moderate:
1556 4412 1612 4470 boc

331 4537 351 4578 o
367 4536 413 4579 me
429 4518 588 4593 probatum
608 4522 664 4575 est:
686 4514 765 4588 qriod
784 4516 812 4571 in
836 4514 895 4570 illis
912 4512 1156 4586 disputationibus
1175 4519 1339 4584 assumunt,
1358 4530 1377 4570 a
1398 4529 1443 4571 rne
1462 4529 1516 4571 nec
1535 4530 1613 4587 pro-

396 4684 514 4751 ³Vine.]
535 4683 700 4734 Theudorici
722 4682 756 4730 de
774 4680 929 4743 Beverwijk
953 4681 1012 4729 sivo
1031 4680 1179 4740 Harlenrii‚
1204 4680 1287 4730 theol.
1307 4682 1549 4742 1).Lovanionsis,
1576 4682 1612 4731 ab

330 4777 444 4825 Eraomo
464 4770 543 4821 titulo
562 4767 777 4835 pertinacissimi
796 4765 992 4815 obtrectatoris
1015 4765 1149 4815 honorati.
1169 4764 1317 4826 †a.15‘iss.
1388 4764 1408 4796 ¹⁸
1427 4762 1476 4829 ait]
1496 4767 1612 4830 Expost,

331 4862 353 4920 §-
369 4857 425 4908 lla.
478 4855 498 4887 ¹⁹
511 4851 637 4918 Sentio]
652 4852 798 4901 sententies
812 4850 1041 4899 eondemnntoriae
1054 4849 1214 4914 rungistrnle
1228 4864 1333 4897 nornen.
1371 4850 1476 4898 l'rodiit
1495 4867 1520 4899 a·
1536 4850 1613 4902 1513.

331 4944 374 4993 ef.
394 4939 580 5007 (Hartnheim)
599 4938 692 4988 Prodr.
711 4936 775 4985 hist.
795 4935 868 4983 riniv,
882 4932 976 4983 Calon.
991 4951 1016 4998 p.
1033 4932 1069 4981 15.
1138 4932 1160 4964 ²⁸
1179 4930 1269 4998 epist]
1290 4934 1406 4984 lavanii
1425 4936 1449 4985 d.
1466 4936 1487 4985 l.
1502 4936 1571 4987 Nor.
1586 4954 1613 4988 a.

334 5028 404 5078 1519.
418 5027 531 5091 scripta.
