3934 6034
376 704 522 755 CCXXXI.
537 721 660 757 uvrrrrru
674 718 826 756 rrrscrrvu
839 720 868 755 ru
881 720 1150 756 everrenouusrrous
1164 721 1349 757 sucessores.
1362 721 1445 757 nane.
1459 716 1516 759 teat.
1548 694 1596 765 27

308 883 421 936 vesus.
468 879 538 955 ipsis
566 879 643 937 enirn
673 877 755 937 saetis
783 877 959 937 ‹toerrureuta
988 878 1061 938 datis
1088 878 1184 958 patant
1213 877 1298 939 sabis
1321 881 1447 939 veritatis
1475 888 1504 940 et
1530 882 1598 943 fidei

308 982 506 1041 nronuureutis
534 982 694 1040 consistere
722 986 848 1040 restraru
876 980 1057 1059 tyrannidem
1086 1000 1145 1040 uon
1174 1000 1268 1059 posse.
1314 982 1370 1042 Ubi
1395 986 1486 1043 nriror
1515 992 1668 1062 spernere.

309 1082 396 1141 tuisse
420 1102 549 1161 uuquaur
573 1083 654 1142 robis
676 1085 866 1159 perrirturos.
912 1100 948 1140 au
971 1085 999 1142 in
1023 1093 1150 1143 urerrtern
1174 1102 1232 1142 nou
1255 1085 1387 1145 veniebat
1409 1085 1490 1146 robis
1512 1087 1599 1148 divini

309 1183 384 1244 illius
407 1185 533 1254 oraculi,
559 1186 687 1254 ‘euterun
711 1196 820 1245 terrani
842 1192 870 1244 et
886 1187 981 1244 ‹iuruia
999 1187 1171 1253 transitura,
1196 1187 1302 1246 Cbristi
1317 1187 1405 1247 rerba
1421 1208 1478 1248 non
1494 1192 1598 1250 trausi-

287 1288 403 1347 ⁵tura'?
434 1288 534 1366 ltaque
563 1295 729 1365 oppugnate
760 1306 814 1346 nos
842 1289 958 1365 qrrautis
991 1290 1109 1348 ouuriuo
1143 1292 1263 1367 potestis
1290 1290 1415 1362 riribus,
1449 1310 1598 1370 nuuquarn

308 1397 405 1449 tannen
428 1389 647 1468 expugnabitis:
682 1391 903 1450 iundaureuturn
926 1389 1071 1450 leniremus
1092 1390 1254 1459 Christum,
1283 1399 1370 1471 atepre
1393 1394 1481 1469 igitur
1507 1396 1598 1455 roirue

266 1505 292 1548 n
325 1487 332 1572 Ι
370 1511 491 1552 securos
514 1495 686 1553 constitutos
709 1511 763 1552 nos
789 1492 976 1552 arbitramur.
1015 1493 1187 1573 Quanquam
1210 1500 1289 1554 reete
1311 1514 1425 1555 surunro
1448 1499 1475 1555 in
1498 1499 1666 1575 precioso.

308 1594 485 1655 batureurus
514 1615 578 1664 ros,
612 1597 636 1655 si
664 1598 739 1655 inter
768 1614 822 1654 uos
852 1594 1026 1655 laboraretis
1054 1604 1082 1655 et
1109 1598 1137 1655 in
1166 1597 1284 1656 ‹tonrino
1312 1597 1396 1657 notus
1424 1602 1596 1675 pneessetis.

308 1715 387 1756 nuuc
410 1697 556 1775 crapulari
580 1718 644 1766 ros,
668 1700 791 1758 seortari
814 1705 842 1758 et
864 1716 917 1775 por
940 1698 1036 1757 ornnia
1059 1700 1197 1776 ineptire,
1222 1702 1348 1776 gruriter
1364 1699 1433 1759 nibil
1450 1718 1538 1774 oreore
1554 1703 1596 1762 ret

276 1801 439 1876 roeeogitare
468 1819 535 1860 euur
565 1801 725 1870 ridearnus,
754 1800 810 1860 boe
838 1802 1041 1877 penuitteruus
1067 1800 1149 1860 sentus
1178 1808 1209 1861 ut
1237 1801 1273 1859 de
1299 1802 1356 1861 tuto
1379 1822 1465 1881 quarn
1490 1803 1598 1863 urebant

307 1900 436 1971 tratetis,
460 1911 489 1962 et.
503 1903 644 1979 religione
661 1922 748 1981 quam
764 1903 844 1963 nubo
867 1921 957 1980 opere
979 1905 1150 1980 agnoseitis,
1174 1904 1324 1962 irutieetis't
1353 1904 1465 1974 Quibus
1480 1908 1665 1966 uouemere.

308 2006 461 2081 prestigiis
490 2007 527 2065 ita
557 2007 674 2066 creditis
704 2007 819 2065 destitui
847 2023 933 2083 posse
961 2023 1031 2072 nos,
1062 2013 1093 2064 ut.
1115 2023 1174 2064 uorr
1197 2004 1352 2083 aliquando
1375 2010 1598 2085 resipiscamus?

307 2106 442 2184 l'raeripit
464 2107 572 2168 Paulus
595 2116 622 2167 et
644 2127 698 2186 per
721 2108 867 2168 Christum
891 2107 1069 2176 obtestatur,
1099 2116 1131 2166 ut
1153 2126 1206 2165 niis
1234 2106 1432 2168 sutubrcurnus
1458 2108 1494 2168 ab
1518 2112 1597 2170 ornni

307 2208 356 2284 qui
386 2209 549 2269 inordinate
577 2229 608 2269 se
636 2212 725 2288 gerit,
761 2219 789 2270 ot
811 2210 998 2270 'rouotboun
1029 2210 1087 2269 rult
1115 2211 1226 2286 seiungi
1257 2211 1293 2269 ab
1323 2200 1356 2270 iis
1379 2212 1427 2290 qui
1455 2219 1597 2290 questum

275 2317 414 2387 upueaut
441 2329 504 2371 esse
533 2314 679 2390 pietatem.
725 2315 807 2385 Quod
837 2330 903 2371 euru
933 2312 1025 2371 oeulis
1053 2313 1200 2372 obiertunr
1223 2314 1259 2372 sit
1281 2323 1309 2371 et
1332 2313 1452 2374 auribus
1474 2315 1596 2383 insonet,

308 2419 405 2471 tanuen
428 2415 565 2490 sperandi
588 2417 675 2475 tineus
698 2435 757 2476 ruur
782 2416 873 2475 territis
896 2416 924 2473 iu
947 2416 1115 2474 servitutem
1139 2414 1273 2492 delapsos
1295 2434 1348 2473 uos
1370 2415 1446 2476 bared
1470 2435 1598 2495 unquam

307 2534 508 2586 rernersuros‚
541 2524 568 2577 et
596 2526 739 2597 perpetuo
768 2535 974 2577 sueressururn
1003 2517 1184 2576 arbitramini
1212 2524 1244 2575 ut
1271 2520 1406 2593 pinnario
1433 2520 1516 2596 epitasi
1543 2519 1597 2578 sub

307 2617 390 2675 robis
418 2621 494 2679 virtu
524 2638 645 2696 agarnus
674 2621 806 2679 borniues
835 2627 964 2679 extrerne
994 2619 1144 2678 sternentes
1173 2628 1202 2678 et
1223 2620 1280 2678 ianr
1303 2621 1406 2679 aniruis
1428 2622 1538 2698 pariter
1561 2640 1596 2680 ae

307 2719 441 2779 sensibus
465 2722 602 2783 destituti.
648 2723 722 2792 eun
746 2724 821 2783 euiur
846 2740 903 2780 non
927 2722 1029 2781 ridetis
1052 2722 1162 2780 uroveri
1185 2721 1247 2780 trees
1269 2740 1370 2799 posse,
1400 2722 1508 2782 auferri
1537 2735 1664 2784 norrun.

272 2824 414 2899 eoposse?
435 2842 503 2884 narn
527 2826 698 2885 roueutietis
721 2826 856 2892 forsitan,
881 2842 1031 2903 nurnpuuu
1052 2830 1149 2883 tarueu
1171 2822 1347 2883 eonrettetis.
1383 2824 1595 2884 resonantem

308 2925 361 2983 ista
384 2929 449 3003 quis
472 2927 609 2987 diuturna
632 2928 696 2986 tore
719 2929 833 2994 eredat,
858 2929 906 3006 qui
922 2927 1039 3005 quidun
1058 2927 1173 2990 viderit.
1198 2928 1249 2985 etsi
1265 2927 1389 3002 speretis
1404 2927 1515 2994 adiuro,
1538 2936 1596 2985 taur

264 3037 298 3080 ΠΙ
342 3021 349 3110 Ι
393 3029 477 3088 auxie
499 3036 596 3090 tanren
620 3032 736 3089 interitu
765 3037 896 3089 uretuere
926 3030 994 3087 ros?
1028 3031 1124 3098 Quare
1147 3027 1224 3087 bunr
1251 3028 1372 3087 desinite
1398 3030 1664 3090 uianissuoumeu.

310 3128 465 3191 obuertere
488 3131 572 3191 uobis
594 3139 720 3199 ureturn,
744 3138 772 3190 et
796 3131 924 3189 terrerub
948 3131 1036 3189 bueru
1060 3131 1153 3189 taeite.
1199 3131 1313 3190 Srirnus
1336 3150 1352 3189 a
1375 3130 1482 3209 quibus
1510 3130 1598 3191 absti-

309 3248 380 3290 nere
404 3235 460 3292 riru
484 3240 632 3312 oporteat,
662 3251 788 3311 quorunr
818 3233 1004 3292 reiteratione
1028 3234 1119 3292 teneri
1142 3239 1171 3290 et
1199 3234 1378 3292 uraiestatenr
1407 3235 1500 3291 vereri
1529 3252 1598 3292 eorr-

273 3335 418 3401 evenne
453 3354 549 3414 nerpre
571 3339 740 3411 igriorauurs
763 3337 830 3413 quid
855 3336 997 3395 (terirentur
1026 3336 1101 3392 reris
1129 3334 1175 3393 dei
1204 3334 1420 3402 saeerdotibuS,
1455 3342 1483 3393 et
1511 3354 1598 3413 quarn

309 3454 368 3494 uon
391 3438 427 3496 sit
449 3437 505 3496 boe
527 3438 659 3514 poliuere
682 3438 853 3513 religionem
876 3446 925 3497 aut
955 3456 1037 3496 saera
1067 3437 1266 3515 prophanare,
1301 3437 1434 3495 borniues
1462 3436 1541 3496 uibiti
1571 3445 1599 3497 et

308 3556 368 3597 nou
391 3540 504 3598 virtutis
526 3547 638 3599 tarrturu
661 3541 774 3605 inanes,
798 3539 852 3598 sed
866 3557 918 3616 per
935 3540 1067 3599 baudern
1083 3541 1169 3598 etiarn
1186 3546 1214 3598 et
1230 3538 1357 3599 dedecus
1371 3540 1598 3599 saeratissinuun

310 3657 416 3698 nornen
439 3642 572 3717 pessinris
594 3642 726 3702 rnoribus
749 3640 921 3717 obtegentes
944 3641 979 3700 ab
1004 3642 1124 3700 eeclesia
1148 3642 1194 3701 dei
1225 3644 1250 3701 ri
1279 3660 1313 3700 ar>
1341 3640 1473 3701 violentia
1502 3641 1597 3718 repet·

310 3741 385 3809 tere,
417 3761 579 3822 eorunupre
607 3744 643 3804 ab
673 3747 864 3823 oppressione
892 3743 1027 3802 nranibus
1055 3752 1083 3801 et
1112 3744 1213 3820 gladiis
1242 3745 1388 3804 riudieare
1416 3761 1478 3802 eros.
1524 3745 1666 3812 tbriaras.

274 3845 388 3903 aeorum
411 3846 594 3905 stonrartuun
618 3848 746 3905 movistis
767 3847 853 3913 initu,
883 3845 976 3905 audeo
1001 3845 1098 3905 itinere
1121 3865 1155 3903 ex
1179 3847 1260 3906 robis
1284 3848 1429 3906 nerniuern
1453 3863 1516 3905 esse
1539 3848 1599 3923 epi·

308 3965 445 4024 seopunr:
469 3966 571 4008 onrnes
593 3949 668 4008 eninr
692 3950 800 4008 eruistis
822 3949 1036 4025 episcopatum,
1061 3966 1155 4027 uentre
1177 3948 1302 4029 utiquern
1328 3968 1361 4007 ex
1385 3947 1465 4006 robis
1486 3949 1598 4018 merita,

308 4050 360 4108 sed
383 4069 489 4109 aurunt
511 4053 642 4128 prorexit
666 4052 703 4110 ad
725 4051 849 4126 gradoni
871 4051 968 4117 diune:
993 4050 1069 4110 illaur
1091 4051 1181 4126 gratis
1196 4052 1319 4111 daudarn
1336 4052 1459 4125 gratiani
1475 4052 1598 4127 pecunia

309 4153 487 4222 aestimastis,
521 4159 550 4213 et
572 4154 637 4213 ideo
661 4155 783 4229 gratiani
806 4172 868 4212 nou
895 4152 1022 4219 baindis,
1058 4172 1149 4231 quare
1177 4156 1262 4213 etiarn
1286 4153 1415 4230 episeopi
1438 4170 1496 4210 uon
1519 4153 1597 4211 estis.

265 4264 307 4307 mt
348 4250 356 4336 Ι
400 4254 573 4334 eranquanr
597 4262 629 4315 ut
651 4274 709 4314 non
730 4256 927 4316 intercesserit
949 4258 1001 4314 ista
1024 4257 1197 4323 nururnatio,
1223 4264 1250 4313 et.
1276 4261 1387 4314 tentoni
1415 4272 1467 4331 per
1493 4273 1597 4314 uranus
1607 4267 1665 4317 §.re

273 4358 524 4435 &impositionem
547 4358 614 4417 tacti
638 4360 766 4435 episeopi
795 4360 870 4427 sitis,
906 4367 1001 4416 tarneu
1031 4357 1173 4416 abborret
1203 4358 1273 4424 rita,
1309 4374 1364 4415 uee
1393 4358 1598 4433 episcoporum

376 4543 538 4611 ¹1psi1.6.
591 4542 735 4609 ⁴orneuli}
754 4546 861 4609 Evnng.
875 4560 931 4594 see.
944 4546 1012 4594 Luc.
1025 4543 1098 4592 XXI.
1112 4541 1154 4592 33.
1208 4543 1415 4593 eoetum2.5.6‚
1468 4543 1597 4593 'eonsti-

308 4640 383 4683 turos
398 4634 454 4680 1.6.
510 4630 705 4697 ⁸prodessetis
726 4633 750 4681 3.
804 4630 958 4679 ''niebit3.
1014 4628 1032 4661 ¹¹
1053 4629 1182 4677 indicetis
1197 4632 1253 4678 1.6.
1308 4629 1328 4662 ¹³
1347 4628 1435 4694 Paub]
1457 4647 1499 4695 ep.
1512 4632 1548 4679 11.
1563 4630 1598 4679 ad

309 4717 434 4767 Thessal.
447 4717 500 4766 111.
513 4717 538 4766 e.
592 4714 804 4767 ¹⁴Thimotenm
825 4719 851 4764 3.
898 4714 966 4781 vidt]
980 4714 1059 4764 Paul.
1074 4731 1116 4778 ep.
1131 4713 1152 4762 Ι.
1167 4715 1201 4764 ad
1214 4716 1333 4765 Timotb.
1347 4717 1393 4766 Vl.
1408 4717 1433 4765 5.
1486 4716 1520 4765 nb
1534 4718 1557 4765 is
1571 4719 1596 4765 2.

310 4805 346 4853 ab
365 4804 406 4853 his
427 4806 486 4852 Μ.
536 4808 660 4866 questum
680 4804 703 4849 4.
758 4800 779 4833 ¹⁷
797 4800 918 4866 temere]
940 4803 1096 4850 inuersuros
1117 4803 1141 4848 3.
1196 4804 1321 4866 precario
1340 4805 1365 4850 2.
1417 4799 1437 4832 ²¹
1458 4802 1552 4851 credet
1572 4804 1596 4852 4.

308 4889 331 4921 ²⁶
347 4891 496 4954 profanare
516 4892 540 4937 ὂ.
598 4886 620 4918 ²⁸
639 4887 802 4950 obtegentes
821 4886 1088 4952 eddnbtegentibus
1108 4890 1133 4935 3.
1176 4888 1379 4950 praetendentes
1397 4889 1517 4937 cornil.
1568 4890 1597 4938 ri

309 4993 342 5025 ae
360 4976 495 5026 violentia
513 4974 622 5023 orestes.
671 4970 692 5002 ²⁹
711 4973 813 5022 manib.
829 4977 857 5021 et
875 4971 947 5037 glad.
968 4973 1037 5021 ornis.
1053 4974 1078 5021 4.
1126 4970 1148 5002 ³⁴
1167 4972 1338 5039 Quamquam
1357 4977 1414 5022 Μ.
1469 4972 1507 5039 et]
1526 4977 1595 5025 uti.

309 5059 331 5092 ³⁵
348 5077 398 5111 nec
418 5062 446 5110 in
464 5076 491 5109 v.
507 5076 549 5125 ep.
563 5076 605 5124 op.
620 5059 674 5109 rid.
691 5060 715 5107 3.
