3934 6034
529 682 726 735 cccxxxln.
748 699 867 733 seonara
880 698 983 733 satsat
996 697 1138 733 aavaaavs
1152 696 1323 732 iarnaarsra
1338 694 1469 731 avaram.
1575 660 1648 732 313

355 865 474 934 partem
491 859 695 932 epistolarum,
718 874 793 930 quas
807 857 849 915 od
869 873 914 915 mc
935 856 1068 915 scribunt
1085 856 1240 929 principes
1261 870 1298 913 ac
1318 853 1410 922 docti,
1432 853 1486 910 sed
1502 852 1649 910 interdum

361 975 413 1018 cas
434 974 638 1029 commemoro,
668 975 726 1032 qua
755 976 800 1018 me
821 967 906 1018 tuear
926 959 1071 1017 aduersus
1092 957 1304 1033 impudentiam
1330 955 1555 1014 obtrectatorum
1563 975 1574 1022 ,·
1595 970 1650 1013 nec

362 1064 440 1120 enim
462 1063 530 1119 aliis
547 1063 701 1135 presidiis
724 1062 866 1121 aduersus
887 1064 952 1120 illos
975 1077 1117 1136 puqnarc
1137 1075 1272 1134 possum,
1300 1073 1355 1116 acc
1375 1060 1444 1116 aliis
1464 1058 1649 1115 munimentis

362 1165 504 1223 bactcnus
526 1164 670 1223 aduersus
692 1165 808 1223 illorum
836 1164 1048 1239 improbitatem
1074 1162 1200 1231 substiti,
1228 1163 1298 1224 nisi,
1325 1167 1357 1218 ut
1376 1161 1456 1230 dixi,
1474 1142 1648 1218 'innocentia

340 1274 391 1325 ⁵ct
411 1267 552 1325 bemianm
571 1283 608 1325 ac
625 1268 797 1340 principum
816 1266 932 1336 sanare.
976 1264 1135 1339 Nunquam
1156 1265 1233 1323 enim
1251 1264 1373 1333 iactaoi,
1397 1262 1476 1335 quod
1496 1263 1717 1319 ilustris-§.³³⁷-

361 1371 451 1427 simus
472 1371 616 1443 princeps
635 1369 862 1438 Ferdinaadns,
884 1368 1102 1426 humanissimis
1127 1368 1219 1426 literis
1239 1382 1285 1424 mc
1309 1368 1369 1423 iam
1391 1366 1496 1422 iterum
1517 1363 1651 1422 bonora-

362 1474 414 1542 oit,
443 1472 523 1545 qnod
546 1472 708 1531 bonorario
736 1471 916 1544 amplissimo
942 1470 1063 1527 donavit
1088 1486 1143 1528 nee
1163 1469 1335 1527 ambientem
1357 1483 1411 1525 nec
1431 1472 1651 1541 expectantem·

362 1574 442 1648 quod
457 1590 514 1632 rex
533 1574 640 1632 Gallim
655 1575 736 1631 toties
750 1573 794 1630 ad
807 1572 1023 1630 honestissimas
1038 1573 1218 1631 conditiones
1235 1571 1350 1640 inuitat,
1369 1570 1461 1627 literis
1473 1571 1561 1628 etiam
1573 1585 1651 1643 pro-

359 1679 432 1751 pria
459 1692 551 1735 manu
570 1676 739 1750 descriptis,
768 1675 802 1733 id
821 1674 901 1748 quod
918 1679 1029 1747 aequat
1048 1690 1114 1732 cnm
1136 1682 1180 1733 ter
1200 1690 1219 1731 a
1240 1688 1350 1731 corona
1370 1677 1505 1744 suscepta
1524 1669 1652 1742 fecisse,-

330 1779 442 1852 toquod
458 1780 534 1838 idem
553 1779 722 1852 nuperrime
738 1774 814 1848 tecit
826 1793 882 1835 rex
902 1777 1028 1849 Anatim.
1071 1777 1170 1849 itaque
1186 1779 1266 1834 intra
1283 1790 1398 1849 pancos
1412 1790 1524 1832 menses
1537 1789 1557 1831 a
1572 1790 1652 1846 qua-

364 1889 430 1939 tuor
450 1880 528 1939 orbis
551 1881 720 1939 monarclris
742 1882 847 1954 accepi
863 1881 979 1951 literas,
1004 1879 1137 1949 Caesare,
1159 1895 1229 1951 repe
1251 1878 1418 1948 Gallorum,
1442 1894 1512 1949 reae
1534 1876 1652 1949 Anatim

361 1990 391 2041 et
411 1983 614 2041 Fordinando.
659 1978 757 2040 *Hac
778 1984 806 2039 si
830 1982 951 2040 baberet
970 1981 1132 2050 Mutunus,
1161 1997 1237 2054 quos
1262 1982 1377 2053 alarias
1397 1978 1478 2037 nobis
1498 1974 1643 2052 effloret?
1653 1985 1721 2035 §.³³8-

364 2079 489 2143 *scribit
505 2091 534 2142 et
550 2087 612 2160 ipse
629 2084 810 2153 cusoribus,
831 2083 1037 2142 cardinalibus
1053 2100 1091 2141 uc
1105 2085 1220 2141 crienciis
1239 2084 1422 2158 apostolicis:
1443 2082 1498 2140 sed
1511 2084 1576 2154 quis
1592 2099 1652 2139 un-

363 2201 451 2260 quam
474 2188 519 2244 illi
534 2181 708 2260 rescripsit?
729 2186 833 2244 eadem
854 2201 945 2259 opera
959 2186 1090 2244 scribere
1105 2194 1204 2260 posset
1218 2187 1334 2260 superis
1354 2191 1383 2243 et
1397 2183 1514 2257 inseris.
1547 2183 1652 2254 Ouan-

331 2304 354 2346 n
365 2304 453 2362 quam
468 2288 641 2362 principum
662 2304 736 2359 erqo
758 2302 803 2345 me
819 2285 957 2359 sanorem
976 2305 1013 2346 ac
1028 2290 1256 2359 mirriiticcntiam
1271 2288 1445 2362 praedicare
1459 2302 1517 2345 non
1533 2288 1652 2345 iactan-

363 2393 412 2448 rioe
432 2396 488 2461 est,
517 2390 571 2447 sed
588 2389 790 2462 qratimdinis.
834 2390 931 2448 Porro
949 2390 1030 2463 quod
1049 2389 1093 2447 ad
1112 2391 1296 2448 eruditorum
1316 2390 1549 2463 praedicationes
1569 2392 1641 2448 atti-
1653 2395 1720 2446 §.³³⁰-

364 2500 424 2563 nct,
447 2492 539 2550 liabeo
555 2493 668 2550 scrinia
684 2493 778 2565 plena
799 2493 1017 2551 laudatricibus
1035 2495 1153 2551 illorum
1174 2494 1320 2568 epistolis,
1341 2499 1370 2551 et
1390 2492 1518 2566 quotidie
1531 2494 1653 2550 mittun-

364 2602 412 2652 tur
433 2594 577 2666 aridique,
601 2609 675 2665 quas
696 2595 849 2667 aliquoties
871 2611 925 2653 nec
946 2597 1028 2668 leqo:
1056 2595 1132 2653 adeo
1153 2597 1235 2653 nullo
1253 2596 1409 2653 literarum
1427 2610 1537 2668 qencre
1558 2596 1654 2652 minus

365 2696 511 2755 detector:
535 2695 585 2753 ubi
605 2711 674 2754 nero
692 2712 821 2769 aqnosco
838 2714 875 2756 nc
895 2698 1003 2756 donoro
1024 2698 1127 2756 laudes
1149 2698 1222 2755 milri
1242 2692 1419 2756 attributos?
1440 2713 1480 2754 an
1502 2712 1560 2755 non
1577 2713 1654 2770 per-

331 2805 453 2873 nopetao
473 2800 602 2856 reclamo
618 2799 782 2872 maqnificis
803 2801 860 2858 illis
880 2800 1035 2871 laudibus,
1058 2817 1132 2874 quas
1153 2801 1275 2873 quidam
1295 2802 1326 2858 ia
1348 2814 1393 2858 me
1408 2797 1608 2873 profundunt,
1626 2805 1655 2857 et

365 2902 477 2975 capito,
497 2900 646 2971 manibus,
667 2901 795 2976 pedibus
817 2908 930 2976 totoque
948 2918 1073 2978 corpore
1090 2898 1205 2961 renuo?
1233 2902 1314 2960 Adeo
1335 2918 1403 2960 uero
1427 2918 1473 2959 me
1491 2901 1571 2974 facit
1591 2903 1721 2960 iri-tan.

366 3004 477 3073 aidum,
501 3008 533 3060 ut
551 3019 605 3061 nec
626 3006 753 3061 maiores
765 3005 863 3077 pluria
882 3006 1036 3076 fiorentes,
1059 3022 1114 3065 nec
1127 3007 1271 3063 minorum
1285 3010 1514 3064 succrescentem
1526 3006 1655 3077 plocium

363 3104 449 3177 serre
469 3107 588 3179 possim.
633 3105 697 3179 Epo
716 3122 785 3164 nero
805 3104 961 3179 suffrapiis
982 3109 1109 3165 omnium
1129 3108 1181 3180 qui
1199 3108 1315 3165 diutina
1330 3107 1540 3166 consuetudine
1560 3122 1656 3164 mores

366 3223 443 3266 meos
463 3210 593 3280 adpetitas
615 3224 653 3266 ac
670 3218 839 3283 perspectos
857 3208 979 3279 babent,
1007 3226 1132 3283 quoram
1155 3209 1300 3268 Huttenus
1321 3225 1361 3267 cx
1379 3211 1485 3283 paucis
1506 3210 1656 3282 colloquiis

332 3326 563 3370 asscensorem
582 3309 669 3381 fecit,
695 3312 828 3368 euincam
848 3327 894 3368 me
914 3328 972 3369 non
992 3314 1087 3370 minus
1109 3312 1209 3370 abesse
1227 3312 1265 3369 ab
1287 3311 1399 3370 insidia
1421 3326 1509 3384 quam
1527 3327 1546 3369 a
1568 3328 1654 3369 men-

366 3413 462 3471 dacio.
508 3411 612 3482 Qiioesa
630 3414 695 3485 quis
717 3429 846 3485 unquam
868 3414 899 3470 in
917 3416 978 3471 suis
997 3414 1081 3472 libris
1097 3417 1202 3488 plures
1218 3414 1353 3473 laudarit
1371 3420 1429 3472 tum
1443 3415 1570 3472 maiores
1585 3421 1644 3471 tum
1656 3422 1724 3472 tait.

366 3517 506 3586 minores,
536 3517 580 3573 ael
603 3516 723 3588 plenius
748 3516 793 3573 oet
812 3511 996 3574 candidius?
1023 3532 1146 3589 quaram
1176 3517 1394 3590 aliquammulti
1418 3522 1500 3586 sunt,
1532 3531 1656 3589 quorum

366 3617 492 3676 mundus
510 3618 629 3674 nomina
652 3633 709 3674 non
733 3624 842 3681 nosset,
863 3620 921 3676 nisi
937 3620 1008 3677 meis·
1024 3620 1143 3693 scriptis
1155 3620 1288 3693 prodita.
1333 3618 1394 3677 Sed
1415 3617 1558 3677 Huttcnus
1579 3618 1656 3676 obii-

365 3721 418 3789 cit,
440 3719 520 3792 quod
535 3720 596 3777 illic
617 3720 736 3778 lacedem
757 3722 861 3778 multas
880 3721 1026 3793 indiqnos.
1072 3722 1152 3779 itane
1173 3722 1225 3793 qni
1249 3722 1280 3778 in
1309 3720 1388 3779 banc
1404 3727 1523 3795 partem
1539 3727 1655 3794 peccat,

332 3821 483 3884 nimidas
506 3816 570 3879 cst?
594 3820 662 3890 (titis
680 3838 764 3894 aque
784 3823 902 3881 sudauit
921 3824 952 3880 io
973 3823 1160 3881 restituendis
1182 3824 1297 3881 uetustis
1319 3818 1492 3881 autoribus?
1523 3823 1568 3879 An
1591 3822 1723 3881 bocina.

365 3932 409 3983 est
429 3923 562 3981 innidere
589 3918 770 3982 maioribus?
792 3927 857 3997 quis
880 3927 951 3999 plus
979 3925 1080 3983 tribuit
1098 3925 1274 3996 Laurentio,
1303 3924 1475 3996 Hermolao,
1502 3925 1655 3997 l'olitiano,

366 4194 388 4226 ³²
414 4192 476 4259 imo]
500 4194 642 4243 Habemus
671 4198 733 4243 tuas
764 4202 791 4243 te
821 4195 982 4245 refellentes
1009 4196 1155 4261 epistolas,
1183 4198 1311 4260 Erasme,
1339 4202 1383 4247 eat
1410 4213 1509 4263 magno
1535 4212 1655 4246 numero.

366 4278 482 4343 ⁵Nunq.
503 4276 556 4344 aa]
589 4279 770 4343 Responrlerit
789 4279 888 4344 aliquis
909 4281 1024 4329 ‘tannim
1049 4298 1102 4330 noa
1126 4279 1198 4346 apud
1221 4284 1337 4344 omnes'3
1368 4284 1444 4347 atqui
1468 4283 1491 4332 si
1515 4282 1579 4330 olim
1603 4298 1655 4331 non

368 4366 518 4425 iactasses,
549 4378 621 4412 nanc
640 4368 733 4413 tamen
751 4365 850 4414 iactas.
917 4364 938 4397 ¹⁰
957 4364 1033 4431 itaq]
1053 4366 1272 4431 Pyrgopolinicis
1292 4367 1432 4433 respondit
1449 4367 1625 4432 Artotrogus:

653 4448 791 4499 Molestiae
810 4455 885 4511 sunt,
905 4455 998 4507 orant,
1018 4451 1154 4512 ambiunt,
1175 4452 1335 4514 obsecrant,

653 4534 754 4584 Videre
773 4540 803 4584 ut
822 4535 920 4596 liceat,
942 4536 976 4585 ad
995 4552 1057 4586 aesc
1077 4541 1185 4587 accersi
1204 4538 1307 4597 iubent,

655 4618 692 4667 1'i
711 4625 757 4668 tuo
776 4636 830 4669 aon
849 4620 935 4670 liceat
953 4637 1065 4686 operam
1084 4623 1149 4671 clare
1169 4624 1289 4686 negotio.

368 4703 389 4735 ¹²
408 4719 475 4768 qaas
489 4700 535 4767 gt]
556 4702 666 4763 Nullas,
686 4710 760 4767 pato.
797 4704 818 4736 ¹⁶
837 4704 942 4770 gratia]
963 4713 991 4756 et
1004 4708 1224 4757 risendicationis.
1265 4707 1286 4739 ¹⁵¹
1305 4706 1384 4773 adeo]
1399 4709 1512 4770 iocaris,
1533 4710 1655 4759 Erasme.

367 4787 390 4819 ²⁰
413 4788 548 4838 reclamas
580 4787 689 4849 laudes,
720 4789 781 4837 dum
805 4790 932 4840 laudibus
956 4791 1108 4841 reclamare
1132 4792 1220 4842 videri
1244 4794 1294 4842 via.
1364 4793 1383 4825 ²¹
1409 4795 1470 4860 ped.
1495 4801 1544 4844 tot.
1569 4794 1655 4862 corp]

367 4874 462 4922 Nonne
486 4873 538 4921 hoc
564 4873 725 4921 inurbanam
751 4878 811 4924 est?
885 4875 964 4941 iacit]
991 4876 1117 4926 Scribere
1142 4878 1264 4927 debebas
1287 4879 1371 4929 ‘feci'.
1440 4877 1463 4910 ²⁵
1481 4896 1535 4929 non
1557 4879 1656 4946 minus}

367 4958 437 5022 qaod
457 4959 628 5007 concesserit
640 4958 787 5009 Haltenns.
835 4960 857 4992 ²⁸
875 4977 928 5010 non
947 4960 983 5027 m]
1004 4962 1101 5025 ltaque
1121 4964 1165 5011 cui
1184 4963 1254 5012 bono
1273 4964 1367 5013 novit?
1413 4962 1433 4995 ³¹
1453 4963 1582 5030 Quiapl.]
1603 4966 1655 5015 lte-

367 5058 424 5092 mm
443 5042 619 5093 laudationes
637 5057 701 5122 suas
719 5043 834 5095 laudare
854 5046 960 5110 incipit.
1032 5044 1124 5112 Latia]
1144 5046 1239 5098 Valloe.
1259 5047 1334 5098 Cave
1353 5049 1421 5112 tibi,
1440 5049 1564 5100 Erasme.
