3934 6034
405 740 407 743 >
437 716 637 766 (testxxxlll.
658 732 777 767 seoriam
791 732 893 767 aurern
907 733 1051 767 reversus
1065 733 1237 767 sseeaerses
1251 734 1382 767 reserem.
1486 701 1555 773 321

268 889 319 946 bat
339 891 369 946 in
392 891 451 946 alio
473 896 647 962 arpumento
670 891 766 948 uideri
785 893 857 948 eelle
874 890 1030 961 festinan·
1059 891 1143 948 libuit
1162 907 1305 949 erercere
1327 887 1459 962 stilum?¹
1472 897 1559 965 pole-

268 999 330 1061 ral‚
352 993 540 1049 etiamsinon
560 995 727 1050 sirinrisset
748 995 777 1050 in
800 996 925 1050 amicum
943 993 1164 1051 benemeritam
1190 1000 1218 1049 et
1236 992 1307 1050 bene
1329 996 1438 1052 mereri
1458 1011 1557 1068 para·

267 1102 337 1151 lirin.
382 1093 505 1164 ardebat,
534 1102 566 1151 at
591 1098 633 1152 ait
658 1096 794 1169 arridani,
824 1095 986 1153 absolutura
1016 1096 1165 1169 quoddam
1194 1098 1365 1168 eloquentia
1389 1099 1546 1170 specimen,
1560 1099 1627 1150 §.³⁹2

268 1198 345 1254 eelut
369 1184 529 1254 κύκνειον
551 1175 641 1274 ἆσμα
673 1200 840 1270 relinquere
866 1200 1009 1271 posteris,
1045 1199 1290 1270 peremadmodum
1312 1198 1414 1256 Cicero
1441 1202 1561 1272 reliquit

246 1294 477 1372 sl‘br'lippieas?
492 1299 650 1370 delipenela
666 1301 756 1371 ipitur
769 1307 836 1358 erat
850 1302 976 1357 materia
993 1316 1060 1372 pua
1072 1316 1128 1374 per
1144 1318 1175 1357 se
1187 1299 1269 1370 sorel
1281 1303 1383 1374 ampla
1397 1307 1425 1359 et
1438 1304 1560 1359 utilitate

268 1416 382 1473 qaoque
395 1402 524 1474 posteris
546 1402 821 1469 erirrnaendarelur·;
843 1419 912 1459 nerra
935 1402 990 1459 boc
1006 1412 1179 1474 urpumento
1196 1404 1322 1475 pessime
1340 1406 1486 1462 consiluit
1499 1403 1558 1474 sa-

267 1518 323 1560 raae
340 1518 417 1570 sure,
442 1503 493 1559 *si
513 1509 609 1561 taaren
628 1507 678 1562 ille
696 1504 793 1575 sama
811 1507 954 1563 rationem
974 1506 1064 1562 reliam
1079 1504 1172 1564 babet.
1217 1503 1360 1562 Studebat
1380 1521 1425 1563 me
1446 1506 1547 1564 deter-
1559 1514 1628 1564 lass.

267 1622 348 1675 rere,
372 1605 583 1663 rescriberem
604 1607 747 1664 adeiersas
770 1602 955 1665 Lulliemrm?
976 1609 1060 1679 celaui
1074 1621 1130 1664 noa
1152 1609 1214 1665 alia
1230 1610 1345 1666 ratione
1366 1610 1453 1666 eitius
1473 1617 1559 1683 pote-

266 1723 332 1764 ram
352 1710 521 1781 provocari.
565 1709 619 1766 sed
638 1709 713 1767 absit
730 1716 761 1765 at
781 1725 835 1781 epo
857 1711 886 1767 in
910 1716 968 1766 tam
993 1710 1091 1767 arduo
1113 1711 1233 1782 nepocio
1255 1712 1411 1783 quiequam
1429 1713 1473 1768 ael
1488 1728 1558 1768 sas-

234 1811 376 1883 iocipiam
395 1813 440 1868 ael
460 1812 605 1884 deponam
622 1810 745 1868 llutteai
764 1826 874 1869 eausa:
896 1814 974 1869 male
992 1829 1023 1869 sc
1041 1811 1148 1869 babent
1168 1830 1217 1870 res
1235 1812 1371 1884 lutlieri,
1393 1815 1421 1871 si
1440 1813 1482 1871 ad
1507 1813 1559 1871 lios

266 1915 400 1982 triarios,
429 1914 456 1969 si
477 1912 520 1969 ad
538 1912 617 1971 banc
638 1928 757 1971 sacram
779 1929 921 1971 ancoram
943 1914 1135 1985 devenerunt,
1166 1920 1197 1972 ut
1216 1914 1323 1973 talibus
1341 1914 1446 1973 libellis
1465 1931 1558 1989 opor-

266 2022 325 2073 leat
341 2014 473 2085 delendi.
517 2013 663 2087 lupulare
688 2017 777 2073 uoluit
797 2011 981 2073 Erasmum?
1009 2016 1083 2088 qrtid
1101 2024 1196 2074 irritem
1218 2017 1377 2075 barbarius
1398 2033 1487 2091 quam
1505 2020 1625 2078 siceum.

265 2133 327 2175 esse
349 2116 489 2189 affectam
509 2119 538 2174 in
559 2133 625 2174 eum
645 2119 697 2190 epa
717 2135 772 2175 uec
792 2118 1003 2191 suspicabatur
1031 2119 1149 2191 aliquid
1174 2136 1228 2177 uec
1255 2115 1445 2177 merebatur?
1472 2127 1559 2193 atque

268 2220 316 2277 bic
344 2222 420 2277 iuter
438 2219 593 2292 Septlrieas
620 2236 703 2278 voces
725 2222 849 2293 insipnis
873 2222 1063 2278 immanitatis
1089 2227 1173 2278 testes
1197 2222 1284 2278 etiam
1313 2223 1366 2280 illa
1393 2223 1559 2281 laetabatur

235 2334 258 2372 ¹⁵
271 2322 344 2380 ‘Hoc
367 2322 464 2380 libello
480 2324 635 2380 corriieiara
654 2323 813 2381 Erasmum
837 2326 866 2381 in
884 2320 1009 2380 lectum'.
1053 2330 1081 2380 et
1097 2326 1234 2395 quoniam
1256 2339 1329 2381 casu
1351 2325 1456 2382 incidit
1473 2341 1557 2383 mor-

269 2424 323 2481 bus
344 2441 384 2481 ea
403 2441 549 2497 permissa
567 2427 652 2495 solis,
680 2424 811 2495 sortasse
839 2442 918 2483 rranc
941 2426 1105 2499 triumpbat
1134 2442 1171 2484 ac
1186 2427 1306 2500 plaudit
1325 2426 1388 2484 sibi.
1440 2428 1545 2485 l'eram
1558 2439 1625 2490 eno.

270 2544 308 2584 ae
328 2533 411 2600 patet
433 2543 479 2585 me
497 2534 557 2584 tam
579 2528 689 2584 nullius
710 2544 772 2586 esse
794 2530 902 2598 etaimr',
929 2534 960 2584 nt
983 2531 1069 2601 peius
1097 2532 1226 2601 ardeam,
1253 2531 1369 2587 etiamsi
1393 2531 1558 2602 preindeeim

269 2632 343 2687 loles
361 2631 453 2687 libelli
469 2629 638 2687 scribantur
660 2631 690 2686 in
713 2646 766 2688 me.
810 2629 874 2688 lloc
890 2631 1031 2704 scriptam
1047 2629 1170 2689 Helleni
1184 2632 1257 2690 milri
1273 2632 1440 2690 conciliabit
1457 2635 1560 2691 medios

268 2734 395 2799 amieos,·
422 2748 494 2805 quos
521 2732 559 2789 ab
580 2734 643 2805 ipso
665 2735 702 2790 sit
722 2736 922 2803 alienaturas,
948 2739 976 2791 et
1005 2749 1076 2806 qnos
1097 2736 1321 2807 eonciliatarus,
1348 2734 1429 2792 breui
1447 2736 1557 2793 sentiet.
1608 2790 1611 2796 .

230 2850 404 2907 romapnum
435 2849 502 2893 aero
528 2837 555 2891 si
577 2837 684 2908 paucis
705 2835 817 2893 stolidis
837 2834 1016 2893 lutberaais
1037 2836 1266 2909 applausoribus
1287 2839 1475 2909 pratificatus
1496 2834 1558 2896 est!

265 2952 335 2993 nam
351 2952 390 2994 en
404 2936 459 2994 boc
474 2939 539 3010 ipso
551 2953 661 3009 perure
676 2952 787 3011 parum
807 2936 896 2995 babet
916 2939 1033 3006 amieos,
1053 2939 1080 2995 si
1092 2940 1144 3010 qui
1164 2944 1232 2996 sant
1250 2941 1341 3011 paulo
1362 2940 1555 3012 cordatiores,

265 3038 420 3097 babituros
436 3040 648 3114 propemodum
667 3041 836 3113 pauciores.
883 3038 920 3097 Et
934 3040 1084 3112 plorialur
1102 3040 1150 3098 ln'c
1166 3057 1197 3097 se
1214 3039 1311 3111 fuisse
1331 3040 1546 3113 circumfusum
1557 3050 1614 3101 §.soi

264 3142 431 3213 ‹rpminibas
451 3142 701 3201 Lutberaaorum.
747 3136 932 3215 *Eprepiam
960 3158 1030 3199 aero
1055 3145 1186 3214 pralium
1215 3144 1422 3201 communicati
1439 3143 1559 3217 bospilii

265 3243 362 3315 refert
381 3244 451 3302 baio
472 3244 554 3317 arbi,
574 3247 604 3303 in
625 3261 684 3318 qua
706 3246 758 3317 aui
778 3246 841 3302 aioo
862 3246 921 3302 iam
940 3243 1039 3315 ferme
1058 3244 1188 3319 biennio,
1208 3246 1351 3303 nemiuem
1369 3248 1437 3304 noui
1457 3249 1557 3320 quise

230 3348 399 3419 spatiatur
419 3346 481 3404 dici
499 3347 717 3420 Latberaaum,
746 3353 775 3405 et
802 3349 832 3404 in
860 3363 919 3421 pua
936 3347 1057 3421 publico
1076 3348 1171 3406 edicto
1192 3353 1311 3406 cautum
1332 3356 1389 3418 est,
1417 3365 1455 3407 ae
1472 3351 1557 3422 puis-

265 3464 353 3521 rpmm
370 3450 400 3505 in
414 3452 553 3509 concione
570 3451 675 3509 doceat
693 3451 772 3524 arrad
787 3450 960 3508 adversetur
981 3452 1148 3523 euaripelia,
1168 3466 1205 3507 nc
1220 3449 1344 3508 lutbem'
1359 3451 1475 3524 quidem
1494 3468 1554 3508 aa·

264 3553 380 3610 toritate
397 3550 505 3622 fretas.
550 3548 639 3613 *flam
661 3569 729 3611 uero
749 3555 846 3612 neseio
866 3569 905 3610 an
922 3552 997 3610 nibil
1014 3552 1200 3610 tribuerulrnn
1218 3555 1256 3610 sit
1271 3553 1456 3626 qrrorundam
1474 3570 1542 3610 sus·
1555 3569 1623 3620 §.ion

262 3655 387 3728 picioni,
413 3650 466 3726 arei
490 3656 626 3713 dictitant
645 3656 804 3714 llulteaunr
829 3672 868 3712 en
892 3657 988 3727 equite
1007 3654 1123 3726 saetam
1145 3655 1360 3726 sedentariam,
1390 3655 1559 3714 buiasmodi

264 3757 376 3815 libellos
394 3757 437 3813 ad
461 3768 603 3830 quaestum
626 3759 769 3828 scribere,
794 3774 917 3830 eumque
941 3759 1104 3829 peninum,
1135 3758 1204 3815 dam
1231 3764 1260 3815 et
1277 3757 1310 3816 bi
1328 3760 1486 3816 numerant
1506 3760 1558 3831 qui

231 3860 434 3921 aranearum
454 3875 590 3933 operam,
611 3868 641 3919 et
660 3863 691 3919 in
709 3877 781 3935 oreos
802 3860 916 3932 scribit,
942 3861 1071 3933 pecunia
1090 3861 1240 3917 redimunt
1259 3877 1296 3918 ne
1316 3860 1396 3933 arrad
1414 3862 1554 3934 scriplum

264 3971 307 4019 est
323 3961 450 4019 edatur.
495 3958 643 4022 *Miseret
668 3980 713 4022 me
735 3962 857 4022 llutteni
877 3962 1035 4036 quamlibet
1056 3963 1159 4033 bostis,
1183 3964 1210 4020 si
1235 3962 1292 4020 buc
1314 3964 1392 4021 illius
1410 3963 1622 4035 sarriendum.

263 4065 451 4122 reciderant:
475 4059 574 4138 *iam,
603 4073 635 4123 ut
655 4067 757 4129 aridio,
788 4068 954 4123 nermeraait
971 4064 1089 4138 aliquid
1109 4072 1137 4122 et
1155 4064 1367 4138 ippoprapltus.
1412 4064 1473 4123 Sed
1498 4066 1554 4123 de-

263 4169 327 4224 sino
345 4167 382 4224 de
399 4165 541 4238 Hutleno,
570 4169 702 4242 nequid
725 4171 805 4226 ultra
823 4170 997 4243 spoupiam:
1024 4167 1079 4225 boc
1105 4174 1216 4225 tanaim
1240 4168 1321 4225 illum
1344 4169 1420 4226 scire
1445 4171 1508 4226 eolo
1527 4175 1556 4225 el

263 4269 336 4327 milri
349 4285 411 4327 esse
425 4272 538 4345 stilum,
554 4273 613 4329 nisi
626 4273 792 4330 maluissem
808 4286 902 4330 meam
912 4277 1090 4345 perpetuam
1106 4271 1184 4328 lueri
1195 4270 1446 4342 cousrreludinem,
1465 4286 1553 4343 qinom

330 4472 466 4540 ³§.3eu1
486 4475 546 4524 Non
569 4490 677 4540 possum
702 4475 736 4523 ab
762 4475 853 4523 animo
876 4490 937 4524 meo
956 4474 1104 4538 impetrare
1129 4479 1157 4522 nt
1182 4472 1291 4522 credam
1311 4474 1464 4530 Erasmum,
1492 4488 1551 4521 euni

263 4558 323 4610 laec
341 4561 489 4620 scriberet,
510 4562 660 4610 nescivisse
680 4562 832 4610 Huttenum
855 4576 908 4610 non
927 4560 990 4609 dieo
1010 4561 1064 4608 iam
1083 4560 1141 4608 vita
1166 4559 1301 4612 iiincturn.
1327 4558 1376 4607 sed
1394 4559 1474 4607 niorti
1492 4574 1552 4622 pro-

264 4646 363 4695 ximum
383 4661 452 4695 esse.
499 4644 510 4677 ⁴
528 4638 607 4696 uduo.
628 4632 666 4710 ab]
687 4646 818 4696 olorinanr
839 4644 1017 4695 cantilenam.
1037 4645 1154 4693 illartial.
1173 4649 1254 4706 epipr.
1275 4642 1350 4698 x111,
1365 4642 1405 4690 77.
1430 4642 1552 4702 „Delma

263 4731 375 4780 defecta
399 4731 553 4781 modulatur
578 4733 701 4781 earmina
725 4731 820 4795 lingua
840 4732 974 4779 (ss'nntnior
997 4744 1100 4792 cycnus
1124 4728 1229 4777 funeris
1253 4728 1311 4793 ipse
1332 4728 1400 4776 sni''.
1437 4728 1553 4775 Hntteni

263 4823 376 4866 mortem
389 4832 442 4867 non
456 4822 639 4881 compererat.
661 4816 708 4864 sed
721 4832 804 4881 prope
819 4816 889 4864 diem
905 4818 1064 4863 eventuram
1078 4813 1246 4877 expectabat
1259 4814 1396 4861 Erafflnue.
1446 4810 1463 4843 ¹¹
1480 4803 1552 4876 Ἱερὰ

261 4890 381 4966 ἄγκυρα.
402 4902 614 4965 ΒίοςοῃίηῃΝ.
629 4900 670 4949 29.
727 4898 746 4931 ¹⁴
765 4897 824 4964 illa]
844 4901 866 4949 A
887 4914 1003 4964 quonam
1023 4898 1140 4959 audisti,
1160 4899 1293 4947 Erasme‘?
1349 4895 1371 4928 ²²
1390 4896 1553 4962 gloriatum?

262 4988 304 5036 ef.
319 4990 430 5053 Expost.
450 4984 614 5048 §§.22.195.
668 4985 689 5016 ²⁷
709 4983 885 5050 quaerendem]
905 5002 972 5034 meae
986 4986 1038 5034 diei
1054 4984 1169 5033 debebat.
1222 4982 1242 5014 ³¹
1262 4980 1368 5048 §.bibl
1383 4982 1552 5049 Cf.Expost.

261 5075 284 5132 §-
298 5074 356 5123 254.
417 5072 440 5104 ³²
458 5079 488 5122 ut
507 5070 764 5137 audio]Eras1nice.
817 5070 840 5102 ³³
858 5068 1019 5136 Spongiam}
1034 5085 1155 5120 (erassem
1169 5070 1277 5130 iecisti,
1297 5069 1389 5119 rhetor
1404 5069 1552 5121 laneonice.

320 5161 449 5210 Hvrrerr
470 5160 537 5208 Ore.
557 5174 620 5208 vor..
635 5158 671 5207 ΙΙ.
1293 5155 1328 5214 21
