3934 6034
407 670 618 725 cccxxxnn.
639 686 827 723 auennensem
842 687 893 722 eno
908 687 1037 722 nvrrnno
1050 686 1086 721 an
1099 686 1202 722 nntsru
1217 686 1358 722 seonernn
1374 687 1537 722 neseonsro.
1576 655 1649 728 327

425 841 498 924 [la]
544 863 593 904 nn.
625 847 721 903 Huius
750 848 896 919 tropoedioe
922 847 1111 918 prohemium
1143 849 1244 903 extitit.
1317 862 1368 903 or.
1403 845 1497 903 Extilit
1519 865 1649 921 prorsus:

362 931 505 1007 oportebat
527 933 598 988 enim
621 932 685 988 belli
709 932 842 1005 quoddam
865 932 1014 1006 auspicium
1037 950 1110 996 essen
1134 933 1236 987 irtinam
1259 940 1348 988 antem
1372 933 1539 988 occasionem
1564 941 1591 989 tu
1609 951 1650 989 re·

361 1018 502 1078 scidisses.
526 1018 598 1090 quod
622 1018 723 1092 optime
746 1025 869 1091 poteras.
899 1026 926 1073 et
948 1017 1021 1073 illam
1044 1035 1097 1073 nim
1121 1035 1217 1092 passus
1240 1018 1338 1073 luisses
1361 1017 1493 1073 dominari
1516 1018 1567 1072 sibi
1590 1019 1650 1092 pbi-

362 1102 485 1164 lautiam,
509 1120 560 1176 qna
583 1121 639 1177 prin
663 1111 689 1157 te
713 1120 806 1158 omnes
829 1104 975 1159 Germanos
998 1104 1157 1159 contemnis.

340 1202 352 1240 s
426 1181 499 1264 [so]
546 1205 595 1244 nn.
619 1188 667 1244 Me
687 1196 848 1260 pravalnru
871 1196 944 1244 esset
965 1191 1079 1244 invidia.
1146 1204 1196 1244 or.
1221 1187 1268 1245 Vel
1284 1188 1473 1262 hincapparet
1489 1206 1543 1261 quo
1559 1188 1649 1244 animo

362 1274 388 1328 in
412 1273 560 1329 llermanos
582 1274 628 1329 sis.
673 1273 719 1329 sed
750 1290 812 1329 num
842 1273 901 1329 ideo
930 1272 1048 1348 reppulit
1077 1282 1234 1348 peccatores
1257 1282 1285 1329 et
1306 1272 1464 1347 publicanos
1486 1292 1499 1328 a
1523 1291 1552 1328 se
1574 1272 1650 1328 Clni·

361 1366 433 1418 stus.
462 1359 524 1431 qnia
556 1359 651 1414 invidia
674 1360 811 1432 gravaturi
835 1366 912 1414 erant
934 1360 1004 1433 apud
1027 1358 1182 1433 pontifices,
1210 1359 1361 1415 Pharisaeos
1384 1367 1411 1414 et
1435 1358 1579 1431 optimates
1602 1360 1649 1413 se?

363 1443 484 1499 llmeeine
507 1452 549 1499 est
572 1443 616 1498 illa
639 1444 761 1500 doctrina
786 1453 844 1506 tina,
873 1461 925 1518 qua
948 1445 1029 1500 doces
1052 1460 1229 1518 personarum
1253 1453 1405 1518 respectum
1428 1443 1498 1517 apud
1521 1442 1649 1499 Christia-

363 1545 412 1583 nos
436 1529 657 1603 snperstitiosum
681 1547 754 1592 esse,
785 1529 918 1585 neminem
941 1547 1002 1584 esse
1023 1529 1265 1589 contemnendum.
1289 1537 1316 1584 et
1338 1530 1440 1584 aninms
1462 1546 1523 1584 esse
1546 1546 1649 1603 ponen-

327 1612 407 1668 tndas
431 1631 481 1686 pro
505 1613 653 1669 iratribus?

423 1692 509 1776 [lib]
555 1716 604 1755 nn,
633 1699 746 1771 Scripsi
768 1700 894 1755 Hntteno
925 1716 1016 1754 ruerem
1044 1702 1169 1755 animum
1197 1701 1303 1755 nullius
1330 1701 1399 1754 mali
1424 1700 1478 1755 sibi
1505 1700 1648 1755 conscium

359 1798 428 1838 esse.
494 1799 544 1840 or.
570 1784 623 1840 lloe
646 1786 763 1858 primum
786 1785 922 1858 retugium
946 1793 988 1840 est
1011 1784 1189 1844 fraudulenti.
1215 1793 1244 1840 ut
1265 1802 1326 1840 enm
1350 1784 1431 1840 luerit
1453 1784 1647 1858 deprehensns,

358 1867 428 1923 «licat
453 1878 515 1924 ‘non
539 1870 613 1930 leci:
644 1887 731 1943 ireque
760 1869 805 1925 ille
834 1868 941 1927 volebat
969 1870 1035 1932 boe,
1066 1870 1128 1944 rpnd
1154 1879 1182 1925 tn
1207 1869 1253 1924 tibi
1277 1871 1402 1925 ensurius
1425 1887 1513 1930 esses.
1545 1870 1591 1925 sed
1614 1870 1647 1926 de

358 1952 492 2027 scriptura
514 1962 546 2008 nt
568 1953 753 2028 expostularet
776 1963 878 2016 tecum,
902 1973 932 2009 ex
956 1973 1009 2029 qna
1032 1954 1176 2011 ludibrium
1200 1955 1279 2017 lacis,
1303 1964 1330 2010 et
1353 1954 1425 2029 quod
1449 1954 1559 2010 nimium
1583 1973 1648 2030 pru·

326 2051 348 2091 ts
359 2038 457 2094 domim
481 2039 598 2095 intendis
622 2048 675 2095 tum
697 2040 890 2112 hominumque
914 2041 1094 2114 praescriptis,
1118 2057 1189 2096 nune
1203 2040 1332 2095 ‹lamnans
1348 2057 1408 2114 quar
1423 2038 1567 2113 alitprando
1583 2058 1646 2115 pro·

360 2123 456 2186 bobas,
474 2141 544 2180 utine
561 2142 668 2180 rursum
685 2124 803 2199 probans
820 2142 881 2199 qum
895 2125 1053 2187 damnabas;
1077 2125 1149 2199 quod
1165 2143 1215 2199 pro
1231 2125 1359 2181 varietate
1375 2141 1552 2199 personarum
1568 2125 1646 2181 aliam

358 2216 439 2281 atque
462 2208 541 2265 aliam
565 2210 653 2264 induis
677 2211 770 2265 faeiem
793 2229 843 2284 pro
867 2218 1005 2284 tempore,
1028 2219 1055 2266 et
1078 2210 1149 2284 quod
1173 2228 1226 2266 non
1244 2219 1296 2266 tam
1313 2210 1475 2266 Vertumnus
1490 2212 1579 2265 varius
1596 2220 1646 2272 est,

358 2311 437 2367 quarn
465 2302 495 2349 tu
524 2294 571 2350 tibi
601 2295 626 2349 in
657 2296 780 2351 oratione
808 2314 837 2351 es
867 2294 1071 2351 dissimillimus.
1116 2295 1177 2352 llaec
1200 2304 1346 2368 suntque
1370 2295 1396 2350 iu
1421 2304 1446 2351 te
1470 2295 1644 2369 improbavit,

358 2379 437 2434 vitam
466 2397 529 2434 vero
559 2388 586 2435 et
615 2379 793 2436 eruditionem
822 2389 850 2436 et
872 2380 1056 2454 eloquentiam
1079 2398 1215 2455 nunqnam
1239 2380 1409 2455 improbavit.
1454 2379 1505 2435 Sed
1529 2381 1589 2436 audi
1612 2380 1645 2435 de

322 2464 410 2519 eolaoe
431 2465 511 2519 etiam
536 2464 621 2539 ipsius
643 2465 740 2521 verba:
765 2465 840 2539 „Ego
864 2464 970 2539 quidem
995 2465 1064 2521 barad
1080 2474 1160 2540 puto.
1185 2467 1287 2539 inquit.
1312 2482 1400 2539 neque
1416 2464 1464 2519 ulli
1480 2464 1643 2527 Christiano,

357 2547 442 2603 multo
466 2550 551 2622 magis
574 2550 655 2606 docto
679 2549 809 2624 theologo
833 2568 893 2606 esse
916 2550 1102 2606 simulandum.
1148 2550 1276 2607 Etbnicus
1299 2568 1408 2625 quoque
1431 2551 1550 2625 scriptor
1565 2552 1646 2607 simu·

356 2632 487 2690 lationem
510 2634 631 2690 damnat:
661 2634 733 2690 tollit
762 2635 847 2715 enim,
877 2636 977 2708 inquit,
1008 2635 1133 2691 itnlieium
1163 2636 1232 2698 veri,
1262 2636 1341 2709 idque
1370 2634 1513 2692 adulterat.
1559 2637 1644 2692 'lauto

357 2719 459 2780 minus.
484 2721 529 2792 qui
554 2728 616 2775 tuns
639 2728 680 2775 est
703 2728 805 2783 status,
829 2719 979 2777 simulando
1003 2738 1033 2778 ac
1054 2720 1249 2776 dissimulando
1271 2721 1425 2777 conversari
1448 2721 1602 2777 bominibus
1618 2729 1644 2777 to

356 2804 448 2866 decet;
471 2821 521 2860 nos
544 2805 632 2860 nonna
655 2805 721 2861 dura
744 2815 771 2861 et
793 2806 903 2862 adversa
926 2807 1014 2861 lacere
1037 2814 1064 2862 et
1086 2807 1156 2881 pati,
1187 2813 1216 2861 ut
1237 2813 1345 2862 constet
1368 2805 1493 2868 libertas,
1522 2824 1572 2880 par
1593 2814 1643 2862 est.

321 2898 386 2943 min
410 2889 506 2945 necubi
530 2890 664 2951 oll'endas,
688 2907 721 2946 ne
744 2891 895 2965 suspitione
918 2890 1026 2964 quidem
1049 2900 1078 2946 ut
1103 2892 1223 2952 labores.
1248 2891 1273 2946 id
1290 2890 1431 2945 ridendum
1446 2899 1488 2946 est
1504 2891 1643 2955 omnibus;

357 2974 379 3028 si
401 2975 512 3031 victorio
536 2983 697 3048 sequeretur
726 2976 776 3031 bos
799 2984 928 3043 conatus,
956 2994 1036 3031 nemo
1060 2976 1098 3031 uti
1122 2975 1229 3038 mallet:
1258 2993 1318 3031 cum
1342 2975 1405 3048 quid
1430 2975 1549 3031 imminet
1573 2977 1644 3049 pori·

355 3059 422 3119 culi,
453 3077 505 3115 non
534 3062 634 3116 vereris
657 3060 737 3116 etiam
760 3061 984 3116 aiuicissimorum
1007 3079 1067 3116 eum
1090 3062 1268 3116 insectatione
1291 3059 1451 3116 declinare”.
1496 3060 1557 3116 llaec
1579 3061 1645 3116 llut-

356 3152 442 3199 tenus.

419 3225 505 3306 [ott]
550 3247 599 3286 na.
629 3232 672 3286 An
696 3231 749 3286 bor
771 3232 848 3302 qnod
869 3232 1030 3298 moliretur,
1062 3232 1233 3286 conduceret
1250 3232 1375 3302 prrblicis
1389 3231 1505 3296 studiis,
1529 3232 1644 3301 neporio

321 3317 520 3388 aoennnpeliro
543 3334 577 3370 oe
609 3318 695 3371 rebus
717 3318 801 3371 etiam
830 3318 898 3371 suis,
967 3332 1016 3371 or.
1041 3319 1080 3370 dn
1104 3315 1218 3389 publicis
1248 3315 1345 3371 studiis
1368 3314 1468 3389 aliquid
1498 3315 1642 3389 profuerit.

354 3417 449 3473 parum
466 3402 564 3465 relert;
587 3401 702 3474 iregoeio
718 3401 873 3475 evangelieo
890 3400 910 3455 si
936 3419 988 3456 non
1013 3401 1130 3474 proluit,
1155 3400 1220 3455 nibil
1246 3400 1348 3462 obluit:
1372 3418 1401 3455 ae
1424 3416 1458 3454 ne
1481 3400 1539 3454 suis
1561 3400 1641 3454 etiam

354 3486 449 3548 rebus,
467 3504 534 3560 quas
556 3487 737 3542 destinaverat
753 3487 805 3543 lunc
820 3485 917 3546 seond,
935 3503 968 3542 ne
983 3487 1057 3542 dives
1080 3485 1156 3540 beret
1179 3484 1219 3541 vel
1243 3492 1382 3558 spectatus
1405 3486 1431 3539 in
1456 3485 1506 3540 boe
1539 3484 1640 3540 seculo.

419 3567 504 3648 [stt]
551 3588 599 3627 nn.
635 3572 742 3627 Retulit
770 3574 915 3644 epistotam
944 3573 1160 3627 atrocissimam.
1232 3586 1282 3627 or.
1312 3570 1363 3626 Sed
1392 3569 1478 3625 multo
1507 3569 1644 3625 crudelius

353 3656 544 3719 ermemirus,
574 3657 617 3712 cui
640 3657 823 3713 medicandum
848 3658 949 3718 luerat,
979 3664 1007 3711 et
1035 3656 1164 3730 poscebat
1194 3656 1247 3711 tale
1269 3655 1400 3729 malagma
1424 3655 1540 3730 pessima
1563 3654 1642 3729 plaga

319 3751 399 3798 notua
422 3742 602 3798 vehementer.

417 3822 502 3903 [sle]
547 3844 596 3883 nn.
627 3828 767 3898 Proponit
795 3830 902 3900 aliquot
929 3830 1061 3882 crimino.
1139 3842 1189 3883 or.
1213 3825 1283 3881 b'ibil
1312 3842 1366 3882 non
1396 3825 1459 3881 lecit
1486 3832 1515 3880 et
1543 3824 1643 3880 nullam

353 3913 510 3969 medicinam
534 3920 661 3987 expertus
686 3929 738 3968 nou
762 3921 803 3968 est
826 3930 880 3987 quo
902 3930 1011 3968 rursum
1034 3911 1206 3967 luerilaeeret
1228 3920 1269 3967 te:
1300 3929 1370 3966 nune
1393 3910 1543 3971 blanditur,
1572 3927 1644 3967 nune

354 4007 458 4060 mouet,
490 4015 560 4052 utine
584 3997 689 4069 arguit.
719 4015 790 4054 nune
813 3997 964 4073 opprobrat
988 3997 1109 4072 quodam
1131 4006 1210 4053 antea
1232 3997 1338 4052 adserta
1362 4013 1411 4069 per
1433 4004 1474 4056 te,
1502 4008 1573 4050 nutre
1596 3996 1643 4051 ob·

353 4092 442 4139 seerat
464 4083 597 4138 rationem
621 4090 650 4138 ut
673 4083 771 4138 babeas
795 4092 910 4139 senectae
933 4091 960 4138 et
991 4083 1152 4138 eruditionis
1183 4089 1243 4137 ture.
1286 4080 1390 4136 nullum
1419 4088 1507 4136 tamen
1536 4078 1643 4153 insigne

319 4168 486 4241 ttrdagitium
509 4168 648 4242 impingit,
678 4168 729 4222 uisi
759 4169 897 4242 perlidiarn
925 4176 952 4223 et
976 4168 1048 4242 quod
1072 4168 1098 4222 in
1121 4166 1334 4222 adversariorum
1357 4173 1446 4221 castra
1474 4167 1642 4239 peringens:

353 4255 430 4309 euius
453 4252 564 4309 sceleris
588 4261 613 4307 te
637 4252 703 4307 adeo
726 4270 779 4308 uon
804 4253 900 4327 pudet.
932 4262 961 4308 ut
984 4253 1106 4327 quaedam
1129 4251 1208 4308 etiam
1232 4251 1402 4326 apertissima
1425 4250 1451 4305 in
1481 4249 1559 4305 libris
1589 4250 1642 4306 tuis

354 4356 414 4412 qliae
438 4339 540 4394 iaciunt
562 4356 612 4411 pro
637 4338 751 4411 riegoeio
775 4337 921 4411 (evangelii,
945 4355 1016 4394 nune
1040 4355 1122 4411 neges
1145 4346 1172 4394 et
1195 4345 1326 4392 recantes.

417 4418 502 4499 [etit]
548 4439 597 4478 nn.
634 4424 673 4478 Iit
700 4426 812 4478 interim
837 4425 979 4495 promittit
1008 4424 1128 4479 libellum
1156 4438 1186 4478 se
1214 4424 1291 4477 intra
1319 4423 1444 4477 triduom
1477 4422 1640 4477 missuram.

353 4524 403 4563 or.
427 4508 497 4563 l'ieri
520 4516 611 4582 potest
633 4515 662 4563 ut
684 4508 836 4582 descriptus
859 4509 958 4563 abaco
980 4508 1097 4581 quodam
1120 4507 1265 4580 Tureginm
1287 4506 1454 4582 pervenerit,
1478 4505 1523 4561 sed
1546 4506 1641 4562 eodem

317 4602 477 4667 istiunpore
502 4610 555 4666 quo
579 4594 699 4648 redditus
723 4602 764 4648 est
789 4593 836 4649 tibi
861 4601 931 4649 tuus,
976 4601 1004 4648 et
1027 4594 1090 4666 quid
1114 4593 1136 4647 si
1165 4591 1326 4663 vulgabatur
1354 4592 1434 4647 etiarn
1463 4599 1524 4646 ante
1553 4591 1641 4646 reddi-

353 4678 468 4737 tionem,
492 4696 552 4733 eum
576 4678 642 4733 nihil
666 4678 772 4733 solebat
795 4697 873 4752 quiam
897 4677 969 4751 quod
992 4679 1073 4734 etiam
1097 4678 1171 4734 orbis
1194 4678 1276 4733 sciret
1297 4695 1356 4733 eam
1377 4676 1638 4750 expostulationem?

420 4861 640 4925 ¹proi³n1ium3.
711 4860 841 4924 firepulit
860 4864 886 4908 3.
957 4858 1202 4925 ¹⁵q11aelquodi.
1272 4857 1469 4910 ”adulterare
1490 4863 1514 4908 1.
1534 4859 1638 4909 adulte-

352 4952 410 4996 rate
431 4950 455 4995 2.
465 4950 489 4996 3.
531 4942 856 5010 ⁴⁴lmenquoda1nldn
877 4961 893 4994 a
911 4946 990 4995 Luce
1007 4944 1105 4994 Klett'l
1132 4945 1165 4993 de
1185 4960 1237 5010 quo
1256 4962 1280 4996 v.
1299 4943 1638 5010 Athen.Ra11ric.p.108.

351 5031 531 5098 'l‘hurregium
552 5035 578 5082 3.
