3934 6034
418 662 493 733 486
513 679 690 729 Annnnnn
702 680 751 729 An
764 678 891 730 vomu.
911 676 1220 729 CCLXXXX*.ennsir1
1233 694 1269 730 nn
1282 694 1536 730 remunerantem
1546 687 1645 731 terve.
1655 687 1714 729 1322.

418 871 450 909 cx
473 852 551 907 libris
572 852 638 908 meis
660 851 842 926 profecerint:
873 860 900 908 et
923 869 1031 926 possem
1056 852 1165 908 turliare
1188 853 1316 909 mnndum
1339 854 1361 908 si
1392 853 1485 915 velim,
1516 871 1608 909 rerum
1631 854 1714 909 citius

418 937 521 993 moriar
543 954 622 1010 qnam
645 937 695 992 sim
719 936 827 992 luturns
849 945 930 993 autor
952 937 1015 992 novi
1039 937 1179 993 turnultus.
1222 938 1279 993 Hoc
1307 938 1396 993 animo
1424 956 1507 1011 quum
1537 938 1603 1000 sim,
1636 947 1714 993 tanto

419 1022 540 1095 iniquius
562 1021 645 1077 luerit
668 1022 851 1082 committere,
875 1030 906 1077 ut
929 1022 1038 1095 impune
1059 1021 1141 1077 dedar
1163 1021 1324 1096 implacabili
1348 1022 1411 1078 odio
1430 1024 1509 1077 unius
1525 1031 1571 1077 ant
1588 1022 1712 1079 alterius.

420 1106 448 1163 Si
470 1123 573 1162 mecunr
596 1114 694 1179 agatur
715 1105 844 1166 civiliter.
875 1106 989 1161 ciliciam
1017 1124 1050 1161 ne
1079 1108 1140 1179 quis
1170 1107 1196 1162 in
1226 1124 1267 1162 me
1292 1107 1428 1163 desideret
1451 1108 1568 1162 olliciurn
1593 1108 1714 1164 hominis

419 1190 573 1246 Christiani.
618 1208 670 1263 ego
693 1208 800 1265 semper
823 1191 913 1246 studui
936 1191 1067 1264 prodesse
1090 1191 1230 1254 omnibus,
1264 1209 1352 1265 neque
1380 1193 1522 1265 quisquam
1552 1193 1639 1264 magis
1668 1192 1735 1246 arti-³

420 1276 515 1331 horret
538 1293 553 1330 a
575 1275 696 1330 dissidio.
742 1276 799 1330 Nou
823 1292 875 1348 ago
899 1292 970 1331 pirric
992 1293 1099 1331 causam
1114 1275 1143 1331 n'.
1160 1277 1196 1338 B..
1220 1293 1281 1331 nam
1304 1277 1396 1331 nescio
1420 1276 1482 1350 qnid
1507 1275 1552 1331 ille
1567 1277 1714 1331 confessus

420 1360 471 1416 sit:
494 1359 560 1414 illud
584 1360 640 1415 scio
663 1377 718 1414 non
741 1359 824 1417 luisse
848 1360 1000 1432 antverpiae
1023 1359 1108 1416 virum
1131 1360 1253 1415 morilins
1277 1360 1524 1434 incorruptioribus
1552 1370 1580 1416 et
1609 1362 1714 1433 gratio·

420 1462 477 1499 rem
499 1444 616 1505 civibus,
641 1444 781 1517 magisque
805 1444 985 1500 necessarium
1010 1443 1165 1517 rcipuliliere
1181 1445 1207 1500 iu
1224 1445 1398 1500 instituendis
1414 1446 1520 1517 pueris;
1544 1463 1593 1500 nec
1608 1446 1641 1500 de
1657 1445 1715 1501 col·

419 1528 480 1601 lega
503 1527 575 1583 illius
599 1529 766 1602 pronuncio,
790 1546 850 1584 narn
874 1527 946 1583 illins
968 1546 1077 1583 causam
1094 1529 1173 1602 duod
1195 1529 1227 1583 ad
1250 1529 1398 1584 Lutlierum
1426 1530 1525 1585 attinet
1554 1548 1609 1585 non
1633 1531 1713 1585 nori:

420 1613 486 1668 illud
510 1614 580 1675 scio,
605 1613 690 1668 virum
713 1630 772 1668 esse
795 1612 908 1685 pulchre
929 1613 1054 1674 doctum,
1083 1612 1228 1669 multarum
1251 1612 1404 1686 linguarum
1428 1615 1558 1687 peritum.
1588 1614 1713 1669 moribus
1727 1626 1749 1665 ro

420 1698 557 1772 synceris.
588 1696 641 1752 nisi
671 1698 743 1770 (praed
772 1705 814 1752 est
840 1697 941 1770 linguae
970 1697 1116 1753 liberioris.
1162 1697 1190 1752 ln
1218 1698 1290 1753 liunc
1317 1696 1504 1753 Ecmorulanns
1532 1699 1602 1755 hand
1632 1698 1714 1754 dulnc

420 1782 518 1838 saevior
540 1782 604 1843 luit.
629 1782 702 1854 qnod
724 1781 849 1854 privatim
872 1781 905 1837 ab
929 1781 976 1837 illo
1001 1781 1097 1837 luisset
1119 1782 1210 1838 lesus.
1242 1782 1330 1859 'uenio
1353 1785 1440 1838 nescit
1462 1782 1513 1838 hoc
1528 1801 1609 1855 agere
1625 1783 1714 1839 lloclr·

420 1874 536 1923 stratum
559 1875 586 1922 et
608 1866 823 1928 Eumondanum,
847 1874 877 1922 ut
900 1866 1007 1939 linguas
1030 1884 1060 1921 ac
1083 1866 1168 1921 bonas
1191 1866 1284 1922 literas
1306 1867 1479 1939 extinguant.
1509 1875 1537 1922 et
1565 1868 1591 1922 in
1615 1868 1713 1923 tiorum

421 1951 592 2025 professores
615 1951 787 2024 potissimum
811 1960 936 2025 quaerunt
959 1968 1059 2006 ansam.
1097 1969 1154 2006 inea
1177 1950 1311 2006 sententia
1334 1951 1436 2006 rectius
1459 1951 1586 2012 feceriut.
1610 1952 1633 2006 si
1657 1952 1713 2006 sint

420 2036 543 2091 contenti
565 2053 613 2091 sna
637 2035 761 2097 victoria.
786 2052 835 2091 nec
857 2035 975 2091 excitent
998 2036 1024 2090 in
1048 2035 1114 2091 orlac
1137 2035 1229 2110 plures
1253 2035 1412 2108 tragoedias:
1437 2036 1552 2090 urundns
1575 2043 1714 2108 ute-nuque
1728 2047 1753 2085 ¹⁵·

421 2121 491 2178 leret
518 2120 569 2175 sibi
597 2128 721 2194 creptum
749 2120 910 2183 lutherum,
945 2118 1053 2192 linguas
1081 2138 1111 2175 ac
1139 2120 1224 2175 bonas
1252 2119 1345 2175 literas
1374 2119 1443 2193 cripi
1472 2137 1609 2192 nunquam
1634 2119 1712 2175 leret.

422 2205 473 2260 Sed
497 2204 621 2278 pluribus
644 2204 733 2260 verbis
756 2222 841 2261 onero
864 2203 1090 2278 magnificentiam
1114 2212 1203 2266 tuam.
1228 2222 1307 2278 qnam
1330 2204 1410 2259 ctiam
1434 2213 1516 2276 atquc
1538 2205 1619 2259 ctiam
1643 2221 1713 2276 rogo

422 2297 452 2344 nt
475 2307 522 2344 sua
545 2289 687 2363 prudentia
710 2306 813 2363 suaque
836 2289 965 2362 aequitate
988 2289 1145 2345 moderetur
1167 2289 1282 2344 aliorum
1313 2288 1444 2362 impetus:
1477 2297 1505 2343 et
1533 2289 1554 2342 si
1584 2288 1647 2361 qnid
1671 2297 1714 2343 cst

422 2373 476 2429 tale
500 2373 578 2447 qnale
602 2390 695 2428 rumor
717 2373 769 2429 huc
791 2372 898 2435 attulit,
922 2390 976 2428 non
1000 2374 1119 2447 patiatur
1134 2373 1272 2429 Erasmnna
1294 2374 1327 2428 de
1351 2372 1477 2428 omnibns
1494 2372 1713 2428 berremerentem

423 2458 486 2514 odio
508 2459 623 2513 duorum
647 2457 785 2513 liorninnm
808 2456 877 2513 dedi.
917 2457 1027 2513 dubium
1052 2465 1171 2514 nonest
1194 2458 1259 2530 quin
1282 2458 1350 2513 idem
1373 2456 1439 2512 velit
1458 2457 1573 2512 llaesaris
1595 2457 1749 2512 clemen-20

422 2543 509 2598 tinet
532 2542 628 2598 summi
651 2541 789 2598 rancidus
812 2543 898 2616 pietas
921 2552 949 2598 et
975 2541 1100 2616 publicus
1131 2542 1265 2598 bonorum
1293 2542 1413 2598 allectus.
1457 2542 1527 2597 Bene
1554 2542 1642 2597 valcat
1669 2550 1714 2595 tna

422 2627 648 2698 magnificentia„
668 2627 707 2680 vir
728 2627 839 2689 eximio,
869 2636 896 2682 et
917 2627 1057 2683 Erasmunr
1086 2627 1158 2682 inter
1187 2632 1249 2683 tues
1271 2626 1384 2683 clientes
1407 2625 1559 2682 asscribito.
1604 2625 1716 2682 Basilcae

423 2711 509 2785 pridie
532 2712 593 2768 ldus
616 2710 710 2774 iulias,
733 2713 810 2767 Anno
835 2717 910 2771 1522.

423 2870 624 2882 ——

491 2988 498 3021 ¹
518 2992 636 3059 possem]
664 2995 751 3044 Recte
775 2994 827 3043 tibi
851 2994 1044 3044 Brunnfelsins
1067 2994 1193 3044 loremiae
1213 2993 1293 3056 illud,
1319 2993 1389 3057 quod
1408 2994 1466 3059 ipse
1486 2993 1551 3043 olim
1570 2994 1598 3042 in
1617 2992 1716 3042 Stulti-

421 3074 469 3123 tiae
493 3074 574 3125 lende
594 3078 621 3127 in
641 3094 690 3128 orio
709 3080 849 3144 sapientie
868 3079 1053 3145 gloriantibus
1072 3079 1229 3139 obiaceres,
1255 3077 1369 3127 ‘Stultus
1389 3079 1481 3128 lactus
1505 3093 1547 3138 es,
1576 3078 1672 3136 homo,
1700 3093 1717 3125 a

421 3160 550 3209 scientia'
569 3164 700 3213 occinuit.
754 3163 773 3197 ¹¹
792 3165 910 3215 sinceris
930 3168 954 3213 4.
1009 3161 1059 3195 ¹²¹¹
1077 3163 1274 3213 Hochstralum
1292 3165 1367 3213 m.
1425 3161 1447 3194 ²¹
1465 3161 1632 3213 unxxu.
1653 3164 1716 3210 23.

422 3243 535 3306 Basilea,
559 3246 682 3310 14.Ιιι1ῑῑ,
703 3251 753 3300 An.
770 3250 841 3301 1522.
869 3252 893 3298 4.
