3934 6034
217 647 287 721 170
375 662 505 716 ccci-⁷11.
520 680 621 715 consur
637 682 698 716 nor.
712 681 748 717 nn
761 682 873 717 uaocvn
888 681 1032 717 nivernen
1045 682 1087 716 nr.
1101 682 1126 717 n.
1143 675 1162 716 t.
1176 683 1256 716 rnna.
1272 674 1331 718 1523.

215 842 303 896 lomus
326 839 410 897 libros
433 858 507 896 ineos
530 848 640 897 exustus
664 860 723 897 esse
746 843 772 897 in
795 842 949 904 llraliantio,
974 843 1053 916 idque
1076 850 1171 897 autore
1194 842 1222 897 ll.
1245 843 1273 898 P.
1298 843 1392 899 lacolio
1409 843 1494 897 llocli·

214 935 315 987 strato,
349 934 438 982 vetere
461 944 520 981 meo
546 927 568 979 si
591 942 645 981 rien
669 928 805 989 liiiniliaei,
839 936 912 984 certe
935 928 1034 990 amico;
1068 935 1095 982 et
1116 937 1295 984 commentum
1326 938 1379 983 torn
1409 929 1493 1001 inipu-

214 1012 280 1066 dens
307 1012 429 1067 lioniines
459 1011 537 1074 etiam
566 1012 665 1067 literati
694 1012 850 1068 desultoriis
880 1012 1004 1086 epistolis
1026 1012 1196 1068 distulerant.
1239 1014 1310 1069 sensi
1334 1013 1396 1069 ilico
1420 1014 1492 1068 tceli·

214 1114 274 1152 iram
298 1097 464 1171 eprornmlarn
488 1114 556 1169 einos
579 1114 631 1169 ego
654 1115 717 1153 sanc
740 1099 830 1154 nescio
854 1115 908 1171 quo
931 1098 1039 1153 nomine
1061 1096 1171 1152 debeam
1194 1098 1344 1171 appellare,
1368 1098 1491 1154 nonnulli

213 1181 382 1237 laitlierauos
405 1190 512 1243 vocant,
537 1181 659 1237 videlicet
681 1182 733 1238 line
754 1184 905 1256 agentium,
934 1192 964 1237 ut
993 1201 1035 1238 rue
1059 1183 1192 1237 hominnm
1216 1184 1362 1257 simplicem
1386 1192 1412 1237 et
1435 1195 1513 1238 cre-5

213 1266 304 1322 dulnnr
328 1268 353 1321 in
377 1266 499 1322 loculmm
522 1266 746 1322 llochstratannm
770 1269 922 1329 irritarent,
953 1269 980 1322 in
1009 1285 1087 1339 qiiem
1116 1268 1138 1321 si
1162 1269 1329 1341 scripsissem
1360 1269 1492 1342 impoten-

217 1352 283 1412 tius
306 1369 421 1424 cogerer
443 1352 469 1408 iu
493 1352 656 1426 ipsorum
635 1362 722 1408 castra
746 1355 869 1409 transire
915 1355 935 1406 ll
957 1352 1082 1408 callidum
1104 1353 1261 1408 ciirisilium!
1285 1371 1345 1409 nior
1369 1354 1425 1427 ipsa
1450 1371 1492 1407 res

152 1444 203 1489 t..⁵t
213 1436 304 1493 docuit
329 1437 381 1491 tale
404 1437 470 1491 nildl
492 1437 532 1491 vel
555 1438 702 1510 cogitatum
727 1439 808 1493 luisse
831 1439 900 1513 apud
924 1446 1041 1493 nostros.
1080 1436 1213 1492 Successit
1229 1439 1290 1494 lmic
1306 1456 1398 1494 rnumr
1413 1439 1492 1493 eliani

213 1523 332 1578 atrocior
354 1540 385 1576 ιι
407 1522 493 1578 literis
512 1522 614 1578 veluto
630 1524 711 1579 lloma
727 1525 832 1584 missis,
856 1524 974 1579 additum
990 1531 1047 1577 erat
1063 1540 1160 1578 numen
1176 1524 1292 1579 hominis
1312 1512 1493 1593 ἀξιοπίστου,

213 1626 268 1663 rem
292 1616 321 1663 ut
343 1616 507 1681 corripertain
529 1609 638 1681 scripsit
660 1626 758 1680 riiagno
780 1626 840 1664 eum
862 1608 956 1664 dolore
979 1608 1148 1681 quidamvir
1177 1608 1231 1663 illic
1259 1610 1348 1681 gravis
1375 1618 1402 1664 et
1430 1627 1490 1663 (mio
1503 1619 1525 1658 tt

211 1694 284 1748 clitus
306 1694 339 1748 ad
360 1693 515 1749 ltotzemuin
538 1710 642 1757 raterium
673 1694 695 1750 is
722 1711 789 1768 pene
818 1695 982 1749 exanimatos
1005 1692 1036 1747 ad
1060 1711 1102 1748 me
1124 1694 1283 1767 perscripsit
1310 1711 1384 1749 meos
1407 1693 1491 1749 lilnos

213 1779 302 1834 llomm
326 1778 471 1851 publicitus
494 1777 629 1852 pontificis
651 1798 715 1836 voce
737 1780 928 1835 condemnatos
951 1796 1026 1833 esse:
1056 1777 1103 1832 risi
1131 1779 1257 1852 protinus
1280 1787 1307 1834 et
1329 1780 1424 1852 agnoui
1448 1797 1491 1833 su-

213 1864 312 1937 periori
337 1863 499 1918 simillimum
523 1873 718 1926 continentum:
753 1865 877 1919 nimirum
903 1864 968 1919 illud
991 1862 1135 1936 agebatur,
1169 1872 1198 1919 ut
1227 1864 1308 1920 lmmo
1331 1882 1420 1919 reemn
1444 1864 1491 1918 iio·

212 1948 316 2023 peritos
339 1957 366 2004 et
387 1948 513 2004 credulus
536 1949 587 2004 lioc
608 1949 679 2004 lacto
696 1958 856 2023 provocatus
873 1949 964 2021 lingua
979 1948 1136 2021 calamoque
1152 1949 1304 2022 pontificem
1321 1949 1490 2006 incesserent.

152 2042 267 2106 trenno
296 2035 366 2088 lacto
393 2051 508 2106 cogerer
529 2034 561 2088 ad
585 2034 658 2107 ipsos
682 2035 860 2108 transfugere.
910 2036 1041 2088 Caeterum
1072 2051 1149 2106 epicam
1178 2034 1203 2089 id
1232 2042 1410 2089 cenunentmu
1440 2034 1524 2089 luitis

213 2119 367 2192 iropudcns,
391 2136 445 2173 nou
468 2118 554 2174 soleam
578 2120 762 2193 compluribus
785 2120 871 2175 literis
893 2136 907 2174 e
931 2120 1011 2173 Itonia
1034 2119 1143 2191 scriptis
1165 2126 1292 2174 testatmu
1316 2130 1370 2181 est,
1400 2137 1490 2173 renuo

212 2203 296 2278 ipsius
319 2203 453 2276 pontificis
475 2204 549 2259 brevi
572 2222 658 2278 nuper
680 2206 711 2260 od
735 2223 776 2260 me
798 2205 875 2265 dato,
910 2221 965 2277 ipio
992 2211 1066 2258 certe
1095 2201 1198 2259 nullum
1226 2204 1311 2260 adlmc
1338 2205 1426 2277 recepi
1451 2203 1489 2257 rel

211 2288 344 2344 amantius
367 2289 496 2362 seriptum
519 2289 560 2344 rel
584 2289 821 2350 honorificentius:
856 2306 1008 2362 ιμιιιιιμιιιιιι
1038 2289 1108 2361 ιμιοιί
1132 2289 1163 2343 ael
1187 2288 1278 2344 lauiles
1301 2289 1406 2363 «pridem
1430 2289 1491 2343 atti·

212 2382 269 2434 net.
294 2373 332 2429 sic
354 2374 536 2448 interpretor,
560 2392 602 2429 me
625 2375 762 2431 admoneri
785 2373 872 2448 quidm
895 2391 954 2429 csse
976 2372 1100 2434 debeam.
1125 2391 1178 2428 non
1199 2375 1307 2447 depingi
1324 2372 1410 2447 qrralis
1426 2374 1489 2427 sim:

210 2468 283 2516 certe
306 2476 320 2513 a
344 2458 390 2513 tali
413 2458 538 2532 pontifice
561 2459 600 2513 rel
624 2460 734 2533 probari
758 2460 796 2515 rel
820 2460 900 2514 amari
925 2475 978 2514 non
1002 2458 1116 2514 moleste
1139 2459 1210 2514 lero:
1234 2477 1264 2514 ae
1286 2476 1320 2513 ne
1344 2459 1421 2515 luove
1442 2472 1524 2531 pa-ao

210 2563 269 2600 rum
292 2543 403 2599 lralreret
425 2544 495 2617 apml
517 2561 559 2599 ure
581 2545 722 2617 ponderis,
758 2545 914 2599 submonuit
936 2561 978 2599 mc
1002 2544 1088 2598 literis
1117 2544 1185 2605 suis.
1221 2544 1328 2617 quietam
1356 2562 1371 2598 e
1400 2544 1490 2617 ponti·

210 2630 272 2685 licio
294 2628 425 2684 lanmlitio
449 2647 504 2684 nim
526 2628 646 2691 infinitus,
676 2648 756 2703 ιμιιιιιι
780 2630 902 2704 pontifex
924 2630 1055 2684 sensisset
1076 2628 1193 2703 diploma
1217 2630 1346 2702 scriptum
1369 2646 1428 2683 esse
1450 2629 1490 2682 di-

209 2714 308 2775 lntius‚
332 2714 404 2787 epuod
427 2714 450 2770 is
473 2714 518 2787 qni
539 2714 702 2770 deformaret
719 2714 883 2790 eneiupluui,
908 2721 1021 2788 propter
1036 2714 1178 2769 amicitiam
1195 2732 1274 2787 elnam
1290 2714 1371 2770 habet
1387 2731 1489 2769 meeum

210 2816 264 2855 nou
288 2799 438 2872 uulgarem,
473 2800 580 2873 parcius
602 2800 634 2854 de
657 2818 698 2855 me
722 2800 889 2875 scripsisset.
924 2800 1011 2872 ipsum
1039 2815 1086 2854 sua
1115 2817 1178 2854 voce
1206 2799 1334 2873 pleraque
1363 2798 1488 2853 dictasse.

211 2893 292 2958 atquae
315 2884 408 2940 iisdem
430 2884 518 2940 literis
541 2886 608 2940 idem
631 2887 730 2941 airricus
753 2886 931 2941 sacerdotium
952 2902 1006 2938 non
1021 2884 1215 2957 aspernandum
1233 2884 1325 2946 offert,
1349 2884 1420 2956 qimd
1438 2883 1523 2941 lanies

154 2984 200 3027 ..m
211 2971 345 3043 possidet.
368 2987 495 3025 cessurus
518 2969 562 3024 uid
585 2969 670 3025 velim.
715 2970 768 3026 Nec
790 2978 832 3026 est
855 2971 926 3043 epiioel
949 2969 992 3024 liic
1013 2968 1151 3024 clamitent
1170 2987 1211 3025 mc
1227 2970 1315 3043 praeda
1330 2976 1488 3041 corruptum

209 3055 336 3111 deserere
358 3055 412 3110 reri
434 3055 621 3129 patrocinium.
666 3055 772 3110 latelier
794 3056 845 3111 liec
867 3072 927 3110 esse
956 3072 1046 3109 rernm
1076 3054 1190 3115 crimen,
1220 3055 1242 3109 si
1270 3071 1387 3127 tanquam
1416 3071 1490 3109 acce·

208 3157 275 3214 pero
298 3157 393 3195 uiunus
417 3139 500 3195 ullum
524 3141 690 3195 huiusmodi:
725 3142 797 3214 quod
824 3150 912 3195 tanicu
941 3140 963 3193 si
992 3156 1128 3213 caperem,
1163 3156 1216 3194 ιιιιιι
1245 3139 1358 3195 lacerem
1388 3138 1489 3210 alisque

209 3225 356 3281 rrudteemn
378 3225 509 3299 exemplo.
554 3226 680 3298 quicquid
709 3227 773 3281 milii
804 3224 950 3281 lortnnnlac
973 3234 1026 3285 est,
1061 3224 1085 3280 id
1115 3234 1202 3280 totum
1230 3224 1281 3279 luit
1307 3232 1369 3279 ante
1391 3224 1489 3278 lintlre-

210 3329 267 3366 rmn
291 3310 350 3366 orlii
372 3311 526 3384 cegriitmu,
560 3318 587 3365 et
610 3310 709 3384 obtigit
731 3329 785 3366 nou
808 3310 948 3366 aniliicnti:
983 3309 1120 3365 diinielium
1143 3310 1261 3365 obtrusit
1283 3310 1417 3365 recusanti
1446 3325 1522 3368 ιιι-ιο

208 3395 416 3451 verendissimns
438 3396 657 3470 archiepiscopus
680 3397 894 3458 Carituariensis3
922 3395 1059 3450 dimidium
1083 3394 1155 3451 ultro
1183 3393 1280 3450 detulit
1302 3394 1413 3449 (lusoris
1441 3393 1488 3446 lla·

209 3480 260 3536 reli
289 3481 454 3553 lienignitas;
489 3480 550 3536 lunc
584 3481 688 3536 etiamsi
717 3482 779 3555 quid
808 3479 932 3539 decedet.
967 3479 1116 3535 nriuueudis
1153 3479 1305 3553 sumptibus
1332 3478 1488 3550 augebimus

208 3584 327 3623 censum.
372 3565 400 3620 Si
423 3566 593 3639 prraauuiisod
617 3566 790 3622 bochellum
813 3565 932 3640 pcrtealii
962 3565 1126 3638 potuissem,
1159 3565 1209 3620 iarn
1243 3564 1306 3620 olim
1336 3572 1488 3638 pertractus

209 3669 311 3708 essem:
344 3652 477 3706 deterruit
505 3669 547 3706 me
578 3669 711 3725 perpenso
740 3653 801 3707 liinc
830 3650 935 3722 negocii
965 3650 1134 3722 magnitude,
1163 3650 1224 3705 lunc
1251 3651 1346 3705 virium
1370 3665 1487 3704 tricarum

154 3736 387 3793 .oo.imliecillitas.
425 3737 492 3792 ducii
515 3753 585 3792 nnnc
607 3737 718 3792 tertium
740 3744 857 3810 utreque
877 3736 1066 3808 impudentius.
1104 3742 1259 3808 sparserant
1274 3753 1405 3789 summum
1422 3752 1522 3807 pou-m

210 3821 305 3879 tilicem
336 3822 427 3877 nescio
457 3822 519 3895 quid
549 3821 632 3877 liliclli
661 3823 803 3895 scripsisse
833 3822 858 3876 iu
887 3837 943 3882 uie,
977 3838 1037 3875 eum
1066 3839 1080 3875 a
1109 3820 1200 3875 multis
1223 3838 1283 3874 esse
1305 3828 1487 3893 conspectum.

208 3907 330 3963 suboluit
351 3906 412 3963 ilico
437 3907 546 3967 techna,
576 3906 701 3961 nimirum
723 3908 780 3980 agit
801 3907 852 3962 lioc
875 3905 994 3960 factitius
1018 3906 1061 3960 ille
1085 3906 1219 3978 pontifex,
1244 3913 1273 3959 ut
1296 3923 1337 3961 me
1360 3913 1488 3979 provocet

208 3993 241 4048 ad
262 3992 356 4050 calami
379 3992 532 4064 linguaeque
554 3990 745 4065 petulantiam:
779 4000 806 4046 at
835 4008 887 4063 ego
916 4007 946 4045 er
970 3990 1128 4063 apostolicis
1151 3989 1237 4045 literis
1264 3990 1344 4045 didici
1375 3989 1488 4063 principi

208 4095 269 4135 nico
292 4095 346 4134 non
369 4076 545 4138 maledicere,
569 4076 615 4130 sed
638 4076 737 4132 honum
761 4075 893 4134 venerari.
924 4076 1021 4131 malum
1046 4077 1130 4137 lerre,
1163 4076 1184 4130 si
1209 4076 1310 4130 trustra
1332 4076 1381 4131 siin
1405 4075 1489 4130 irioni·

153 4169 295 4219 stemus.
340 4162 426 4218 ttaho
448 4170 475 4217 et
497 4162 600 4217 diversa
621 4179 683 4233 pars
705 4161 810 4217 tabidas
833 4179 909 4222 siras,
934 4161 959 4215 in
983 4179 1034 4234 epia
1058 4160 1181 4216 nonrmlli
1205 4168 1267 4215 sum
1289 4161 1333 4233 epu
1350 4162 1387 4216 sic
1403 4168 1487 4232 arguent
1502 4180 1522 4217 io

209 4258 301 4323 partes
324 4250 450 4304 nomano
472 4247 558 4307 sedis,
583 4254 612 4301 ut
636 4247 970 4308 siconentueextrema‚
1000 4246 1206 4317 magisneccre
1230 4247 1421 4318 nonpossint
1459 4244 1488 4297 lli

209 4352 296 4409 nuper
317 4350 453 4389 rumorem
481 4339 637 4406 sparserant
667 4331 795 4387 llasileam
823 4330 923 4386 multos
950 4331 1087 4386 ceinllucee
1117 4331 1286 4386 Lutlmraoos
1315 4331 1367 4386 mei
1392 4347 1489 4385 consu·

208 4419 279 4475 leodi
303 4419 407 4493 gratia,
430 4426 511 4489 atquc
533 4418 600 4472 adeo
623 4416 799 4473 Lutlieuun
793 4434 880 4490 ipsum
903 4416 946 4471 hic
973 4415 1089 4471 latitare.
1135 4417 1156 4470 is
1183 4433 1276 4471 rumor
1303 4391 1346 4471 liic
1374 4433 1415 4470 mc
1444 4431 1489 4468 ne·

209 4522 341 4580 quaquam
365 4502 505 4574 gravabat,
536 4502 579 4556 ulii
604 4501 792 4575 quamplurimi
816 4509 879 4556 sumt
902 4502 947 4574 qni
971 4510 1069 4557 irornnt
1094 4518 1154 4556 esse
1177 4500 1357 4556 salsissimum.
1402 4501 1488 4571 itique

209 4590 310 4645 utinam
333 4605 423 4645 verrem
445 4596 517 4644 essct
541 4604 634 4643 omnes
656 4587 826 4642 Lotlieranos
848 4587 951 4660 pariter
972 4595 1000 4642 et
1021 4586 1244 4642 dutilutlieranos
1266 4584 1371 4640 consilii
1402 4583 1523 4655 gratioe,

210 4675 242 4730 ad
264 4693 314 4730 uos
336 4673 473 4730 eoolluerc
495 4670 648 4745 vellentque
670 4673 736 4728 meis
763 4690 859 4746 parere
885 4672 1020 4733 consiliis,
1055 4689 1098 4727 ees
1125 4672 1247 4725 liumame
1276 4670 1356 4744 paule
1384 4668 1487 4727 niclios,

153 4760 322 4834 ‚tuopiuom
356 4758 494 4814 lralierent.
533 4756 609 4812 llulti
632 4775 674 4813 me
697 4757 829 4812 salutandi
853 4757 1012 4831 videndique
1041 4756 1127 4828 gratia
1154 4755 1330 4815 conventum,
1365 4771 1489 4810 normen-

275 4941 431 4991 “tricarent
449 4944 473 4991 1.
530 4939 635 4991 ⁹missi
654 4943 678 4989 1.
743 4930 848 5005 ditem]
869 4940 921 4989 fide
940 4940 1025 5004 digni.
1082 4937 1102 4970 ³¹
1122 4940 1243 5003 orcliiep.
1263 4935 1404 5002 Gortuae]
1425 4938 1489 4986 Goi-

210 5025 318 5078 lielnms
335 5026 475 5077 Wnrham.
528 5025 550 5057 ³⁸
567 5026 628 5076 Act.
643 5029 731 5091 apost.
746 5025 848 5075 xxm.
861 5025 887 5075 5.
939 5021 961 5057 ⁴⁵
978 5024 1135 5075 Lnthronos
1155 5026 1179 5073 1.
1232 5022 1253 5055 ⁴⁰
1272 5024 1395 5089 nclcntqj
1415 5026 1438 5073 t.
