<?xml version="1.0" encoding="UTF-8"?>
<!DOCTYPE html PUBLIC "-//W3C//DTD XHTML 1.0 Transitional//EN"
    "http://www.w3.org/TR/xhtml1/DTD/xhtml1-transitional.dtd">
<html xmlns="http://www.w3.org/1999/xhtml" xml:lang="en" lang="en">
 <head>
  <title>
</title>
<meta http-equiv="Content-Type" content="text/html;charset=utf-8" />
  <meta name='ocr-system' content='tesseract 3.04.00' />
  <meta name='ocr-capabilities' content='ocr_page ocr_carea ocr_par ocr_line ocrx_word'/>
</head>
<body>
  <div class='ocr_page' id='page_1' title='image "./ulrichihuttenie11huttgoog_0450.png"; bbox 0 0 3934 6034; ppageno 0'>
   <div class='ocr_carea' id='block_1_1' title="bbox 545 668 1637 745">
    <p class='ocr_par' dir='ltr' id='par_1_1' title="bbox 545 668 1637 745">
     <span class='ocr_line' id='line_1_1' title="bbox 545 668 1637 745; baseline 0 -6"><span class='ocrx_word' id='word_1_1' title='bbox 545 684 690 740; x_wconf 78' lang='lat' dir='ltr'><em>cocunt.</em></span> <span class='ocrx_word' id='word_1_2' title='bbox 710 701 770 739; x_wconf 74' lang='lat' dir='ltr'><em>exc.</em></span> <span class='ocrx_word' id='word_1_3' title='bbox 785 702 821 738; x_wconf 82' lang='lat' dir='ltr'><em>ux</em></span> <span class='ocrx_word' id='word_1_4' title='bbox 835 699 969 739; x_wconf 73' lang='lat' dir='ltr'><em>aeviaeui</em></span> <span class='ocrx_word' id='word_1_5' title='bbox 983 699 1141 738; x_wconf 72' lang='lat' dir='ltr'><em>assisinis</em></span> <span class='ocrx_word' id='word_1_6' title='bbox 1154 701 1191 737; x_wconf 82' lang='lat' dir='ltr'><em>uo</em></span> <span class='ocrx_word' id='word_1_7' title='bbox 1203 699 1293 738; x_wconf 74' lang='lat' dir='ltr'><em>ausos</em></span> <span class='ocrx_word' id='word_1_8' title='bbox 1308 690 1448 738; x_wconf 73' lang='lat' dir='ltr'><em>teto...tsts.</em></span> <span class='ocrx_word' id='word_1_9' title='bbox 1564 668 1637 745; x_wconf 87' lang='grc'><em>385</em></span> 
     </span>
    </p>
   </div>
   <div class='ocr_carea' id='block_1_2' title="bbox 319 861 1641 4507">
    <p class='ocr_par' dir='ltr' id='par_1_2' title="bbox 332 861 1639 1362">
     <span class='ocr_line' id='line_1_2' title="bbox 354 861 1639 934; baseline -0.001 -16"><span class='ocrx_word' id='word_1_10' title='bbox 354 871 410 919; x_wconf 89' lang='lat' dir='ltr'><em>tum</em></span> <span class='ocrx_word' id='word_1_11' title='bbox 430 864 514 918; x_wconf 91' lang='lat' dir='ltr'><em>literis</em></span> <span class='ocrx_word' id='word_1_12' title='bbox 536 862 685 918; x_wconf 73' lang='lat' dir='ltr'><em>cordolium</em></span> <span class='ocrx_word' id='word_1_13' title='bbox 709 877 787 918; x_wconf 91' lang='lat' dir='ltr'><em>suum</em></span> <span class='ocrx_word' id='word_1_14' title='bbox 807 863 863 934; x_wconf 90' lang='lat' dir='ltr'><em>ipsi</em></span> <span class='ocrx_word' id='word_1_15' title='bbox 882 864 986 933; x_wconf 83' lang='lat' dir='ltr'><em>aperit:</em></span> <span class='ocrx_word' id='word_1_16' title='bbox 1016 861 1164 918; x_wconf 86' lang='lat' dir='ltr'><em>Huttenum</em></span> <span class='ocrx_word' id='word_1_17' title='bbox 1186 864 1213 917; x_wconf 92' lang='lat' dir='ltr'><em>in</em></span> <span class='ocrx_word' id='word_1_18' title='bbox 1236 862 1333 918; x_wconf 84' lang='lat' dir='ltr'><em>Sedem</em></span> <span class='ocrx_word' id='word_1_19' title='bbox 1353 869 1478 919; x_wconf 88' lang='lat' dir='ltr'><em>sanctam</em></span> <span class='ocrx_word' id='word_1_20' title='bbox 1505 862 1639 934; x_wconf 76' lang='lat' dir='ltr'><em>effudisse</em></span> 
     </span>
     <span class='ocr_line' id='line_1_3' title="bbox 354 946 1638 1021; baseline -0.002 -16"><span class='ocrx_word' id='word_1_21' title='bbox 354 950 546 1005; x_wconf 69' lang='lat' dir='ltr'><em>contumelias:</em></span> <span class='ocrx_word' id='word_1_22' title='bbox 577 954 604 1003; x_wconf 91' lang='lat' dir='ltr'><em>et</em></span> <span class='ocrx_word' id='word_1_23' title='bbox 628 962 688 1002; x_wconf 86' lang='lat' dir='ltr'><em>esse</em></span> <span class='ocrx_word' id='word_1_24' title='bbox 713 949 787 1003; x_wconf 90' lang='lat' dir='ltr'><em>illum</em></span> <span class='ocrx_word' id='word_1_25' title='bbox 808 946 1022 1019; x_wconf 81' lang='lat' dir='ltr'><em>Archiepiseopo</em></span> <span class='ocrx_word' id='word_1_26' title='bbox 1047 946 1228 1018; x_wconf 77' lang='lat' dir='ltr'><em>familiarem:</em></span> <span class='ocrx_word' id='word_1_27' title='bbox 1251 956 1278 1004; x_wconf 89' lang='lat' dir='ltr'><em>et</em></span> <span class='ocrx_word' id='word_1_28' title='bbox 1296 952 1444 1021; x_wconf 88' lang='lat' dir='ltr'><em>impressos</em></span> <span class='ocrx_word' id='word_1_29' title='bbox 1469 963 1529 1004; x_wconf 85' lang='lat' dir='ltr'><em>esse</em></span> <span class='ocrx_word' id='word_1_30' title='bbox 1555 949 1638 1003; x_wconf 89' lang='lat' dir='ltr'><em>libros</em></span> 
     </span>
     <span class='ocr_line' id='line_1_4' title="bbox 354 1032 1638 1105; baseline -0.002 -16"><span class='ocrx_word' id='word_1_31' title='bbox 354 1036 411 1089; x_wconf 88' lang='lat' dir='ltr'><em>eius</em></span> <span class='ocrx_word' id='word_1_32' title='bbox 433 1036 459 1087; x_wconf 90' lang='lat' dir='ltr'><em>in</em></span> <span class='ocrx_word' id='word_1_33' title='bbox 479 1036 585 1089; x_wconf 87' lang='lat' dir='ltr'><em>ciuitate</em></span> <span class='ocrx_word' id='word_1_34' title='bbox 603 1033 707 1088; x_wconf 79' lang='lat' dir='ltr'><em>Attali</em></span> <span class='ocrx_word' id='word_1_35' title='bbox 725 1032 876 1105; x_wconf 79' lang='lat' dir='ltr'><em>Moquntiu.</em></span> <span class='ocrx_word' id='word_1_36' title='bbox 918 1032 1056 1088; x_wconf 85' lang='lat' dir='ltr'><em>Hortatur</em></span> <span class='ocrx_word' id='word_1_37' title='bbox 1075 1035 1157 1105; x_wconf 85' lang='lat' dir='ltr'><em>iqitur</em></span> <span class='ocrx_word' id='word_1_38' title='bbox 1177 1032 1330 1103; x_wconf 76' lang='lat' dir='ltr'><em>atterum,</em></span> <span class='ocrx_word' id='word_1_39' title='bbox 1354 1034 1542 1089; x_wconf 76' lang='lat' dir='ltr'><em>authoritatem</em></span> <span class='ocrx_word' id='word_1_40' title='bbox 1559 1048 1638 1089; x_wconf 73' lang='lat' dir='ltr'><em>munt</em></span> 
     </span>
     <span class='ocr_line' id='line_1_5' title="bbox 355 1117 1639 1192; baseline 0 -19"><span class='ocrx_word' id='word_1_41' title='bbox 355 1122 524 1190; x_wconf 87' lang='lat' dir='ltr'><em>interponat,</em></span> <span class='ocrx_word' id='word_1_42' title='bbox 544 1127 570 1174; x_wconf 91' lang='lat' dir='ltr'><em>et</em></span> <span class='ocrx_word' id='word_1_43' title='bbox 588 1133 621 1173; x_wconf 90' lang='lat' dir='ltr'><em>eo</em></span> <span class='ocrx_word' id='word_1_44' title='bbox 644 1120 671 1173; x_wconf 85' lang='lat' dir='ltr'><em>in</em></span> <span class='ocrx_word' id='word_1_45' title='bbox 690 1119 836 1174; x_wconf 87' lang='lat' dir='ltr'><em>maledicos</em></span> <span class='ocrx_word' id='word_1_46' title='bbox 852 1117 953 1172; x_wconf 88' lang='lat' dir='ltr'><em>indicia</em></span> <span class='ocrx_word' id='word_1_47' title='bbox 972 1133 1033 1173; x_wconf 86' lang='lat' dir='ltr'><em>suoe</em></span> <span class='ocrx_word' id='word_1_48' title='bbox 1048 1120 1199 1173; x_wconf 85' lang='lat' dir='ltr'><em>seueritatis</em></span> <span class='ocrx_word' id='word_1_49' title='bbox 1220 1118 1296 1185; x_wconf 84' lang='lat' dir='ltr'><em>edat,</em></span> <span class='ocrx_word' id='word_1_50' title='bbox 1318 1136 1381 1192; x_wconf 78' lang='lat' dir='ltr'><em>quse</em></span> <span class='ocrx_word' id='word_1_51' title='bbox 1403 1126 1429 1174; x_wconf 91' lang='lat' dir='ltr'><em>et</em></span> <span class='ocrx_word' id='word_1_52' title='bbox 1440 1122 1514 1191; x_wconf 87' lang='lat' dir='ltr'><em>ipsos</em></span> <span class='ocrx_word' id='word_1_53' title='bbox 1531 1126 1557 1173; x_wconf 89' lang='lat' dir='ltr'><em>el</em></span> <span class='ocrx_word' id='word_1_54' title='bbox 1570 1120 1639 1174; x_wconf 87' lang='lat' dir='ltr'><em>alios</em></span> 
     </span>
     <span class='ocr_line' id='line_1_6' title="bbox 332 1203 1637 1276; baseline 0.003 -22"><span class='ocrx_word' id='word_1_55' title='bbox 332 1207 457 1276; x_wconf 72' lang='lat' dir='ltr'><em>amassint</em></span> <span class='ocrx_word' id='word_1_56' title='bbox 478 1222 496 1258; x_wconf 91' lang='lat' dir='ltr'><em>o</em></span> <span class='ocrx_word' id='word_1_57' title='bbox 516 1210 591 1259; x_wconf 90' lang='lat' dir='ltr'><em>lauta</em></span> <span class='ocrx_word' id='word_1_58' title='bbox 616 1204 766 1276; x_wconf 90' lang='lat' dir='ltr'><em>petulantia</em></span> <span class='ocrx_word' id='word_1_59' title='bbox 789 1203 944 1259; x_wconf 74' lang='lat' dir='ltr'><em>cohercere.</em></span> <span class='ocrx_word' id='word_1_60' title='bbox 989 1203 1115 1259; x_wconf 82' lang='lat' dir='ltr'><em>Albertus</em></span> <span class='ocrx_word' id='word_1_61' title='bbox 1135 1206 1217 1275; x_wconf 79' lang='lat' dir='ltr'><em>ipitur</em></span> <span class='ocrx_word' id='word_1_62' title='bbox 1238 1207 1369 1275; x_wconf 79' lang='lat' dir='ltr'><em>emptione</em></span> <span class='ocrx_word' id='word_1_63' title='bbox 1389 1212 1415 1260; x_wconf 91' lang='lat' dir='ltr'><em>et</em></span> <span class='ocrx_word' id='word_1_64' title='bbox 1435 1206 1547 1260; x_wconf 91' lang='lat' dir='ltr'><em>lectione</em></span> <span class='ocrx_word' id='word_1_65' title='bbox 1566 1206 1637 1259; x_wconf 86' lang='lat' dir='ltr'><em>scri-</em></span> 
     </span>
     <span class='ocr_line' id='line_1_7' title="bbox 349 1288 1528 1362; baseline 0.003 -18"><span class='ocrx_word' id='word_1_66' title='bbox 349 1297 460 1362; x_wconf 87' lang='lat' dir='ltr'><em>ptorurn</em></span> <span class='ocrx_word' id='word_1_67' title='bbox 475 1288 588 1344; x_wconf 88' lang='lat' dir='ltr'><em>Hutteni</em></span> <span class='ocrx_word' id='word_1_68' title='bbox 600 1291 722 1345; x_wconf 89' lang='lat' dir='ltr'><em>omuibus</em></span> <span class='ocrx_word' id='word_1_69' title='bbox 741 1290 791 1345; x_wconf 89' lang='lat' dir='ltr'><em>sub</em></span> <span class='ocrx_word' id='word_1_70' title='bbox 811 1292 1099 1345; x_wconf 78' lang='lat' dir='ltr'><em>excommunicationis</em></span> <span class='ocrx_word' id='word_1_71' title='bbox 1115 1292 1246 1344; x_wconf 90' lang='lat' dir='ltr'><em>sententia</em></span> <span class='ocrx_word' id='word_1_72' title='bbox 1267 1290 1403 1345; x_wconf 78' lang='lat' dir='ltr'><em>interdicit</em></span> <span class='ocrx_word' id='word_1_73' title='bbox 1422 1331 1528 1348; x_wconf 88' lang='lat'><strong>.....</strong></span> 
     </span>
    </p>

    <p class='ocr_par' dir='ltr' id='par_1_3' title="bbox 354 1373 1638 1617">
     <span class='ocr_line' id='line_1_8' title="bbox 449 1373 1638 1446; baseline 0.003 -18"><span class='ocrx_word' id='word_1_74' title='bbox 449 1373 547 1429; x_wconf 81' lang='lat' dir='ltr'><em>Mense</em></span> <span class='ocrx_word' id='word_1_75' title='bbox 573 1376 666 1446; x_wconf 79' lang='lat' dir='ltr'><em>Aprili</em></span> <span class='ocrx_word' id='word_1_76' title='bbox 693 1375 884 1446; x_wconf 76' lang='lat' dir='ltr'><em>Wolffqonqus</em></span> <span class='ocrx_word' id='word_1_77' title='bbox 910 1374 1050 1429; x_wconf 74' lang='lat' dir='ltr'><em>i&#39;crirritius</em></span> <span class='ocrx_word' id='word_1_78' title='bbox 1068 1374 1178 1445; x_wconf 89' lang='lat' dir='ltr'><em>Cupito,</em></span> <span class='ocrx_word' id='word_1_79' title='bbox 1209 1374 1309 1445; x_wconf 87' lang='lat' dir='ltr'><em>fauore</em></span> <span class='ocrx_word' id='word_1_80' title='bbox 1341 1375 1428 1430; x_wconf 78' lang='lat' dir='ltr'><em>Uinici</em></span> <span class='ocrx_word' id='word_1_81' title='bbox 1450 1375 1576 1431; x_wconf 89' lang='lat' dir='ltr'><em>Hulteuii</em></span> <span class='ocrx_word' id='word_1_82' title='bbox 1603 1377 1638 1431; x_wconf 91' lang='lat' dir='ltr'><em>ab</em></span> 
     </span>
     <span class='ocr_line' id='line_1_9' title="bbox 354 1458 1637 1532; baseline 0.001 -17"><span class='ocrx_word' id='word_1_83' title='bbox 354 1458 567 1532; x_wconf 89' lang='lat' dir='ltr'><em>Arcbiepiseopo</em></span> <span class='ocrx_word' id='word_1_84' title='bbox 590 1459 745 1530; x_wconf 85' lang='lat' dir='ltr'><em>dloquutino</em></span> <span class='ocrx_word' id='word_1_85' title='bbox 767 1463 795 1514; x_wconf 90' lang='lat' dir='ltr'><em>ia</em></span> <span class='ocrx_word' id='word_1_86' title='bbox 821 1460 913 1513; x_wconf 89' lang='lat' dir='ltr'><em>aulam</em></span> <span class='ocrx_word' id='word_1_87' title='bbox 940 1468 1052 1514; x_wconf 85' lang='lat' dir='ltr'><em>uocatus</em></span> <span class='ocrx_word' id='word_1_88' title='bbox 1078 1467 1118 1513; x_wconf 93' lang='lat' dir='ltr'><em>est</em></span> <span class='ocrx_word' id='word_1_89' title='bbox 1138 1459 1277 1529; x_wconf 80' lang='lat' dir='ltr'><em>Principis</em></span> <span class='ocrx_word' id='word_1_90' title='bbox 1298 1459 1477 1515; x_wconf 89' lang='lat' dir='ltr'><em>Coucianator·</em></span> <span class='ocrx_word' id='word_1_91' title='bbox 1497 1469 1522 1516; x_wconf 90' lang='lat' dir='ltr'><em>et</em></span> <span class='ocrx_word' id='word_1_92' title='bbox 1543 1460 1637 1516; x_wconf 90' lang='lat' dir='ltr'><em>Causi-</em></span> 
     </span>
     <span class='ocr_line' id='line_1_10' title="bbox 354 1542 1636 1617; baseline 0.001 -18"><span class='ocrx_word' id='word_1_93' title='bbox 354 1547 465 1615; x_wconf 88' lang='lat' dir='ltr'><em>iiarius‚</em></span> <span class='ocrx_word' id='word_1_94' title='bbox 488 1562 570 1615; x_wconf 90' lang='lat' dir='ltr'><em>quam</em></span> <span class='ocrx_word' id='word_1_95' title='bbox 590 1545 633 1598; x_wconf 80' lang='lat' dir='ltr'><em>itte</em></span> <span class='ocrx_word' id='word_1_96' title='bbox 654 1545 829 1599; x_wconf 74' lang='lat' dir='ltr'><em>contuitionem</em></span> <span class='ocrx_word' id='word_1_97' title='bbox 851 1544 910 1599; x_wconf 88' lang='lat' dir='ltr'><em>idco</em></span> <span class='ocrx_word' id='word_1_98' title='bbox 927 1548 1061 1617; x_wconf 86' lang='lat' dir='ltr'><em>suscepit,</em></span> <span class='ocrx_word' id='word_1_99' title='bbox 1083 1550 1112 1599; x_wconf 90' lang='lat' dir='ltr'><em>ut</em></span> <span class='ocrx_word' id='word_1_100' title='bbox 1132 1542 1279 1614; x_wconf 81' lang='lat' dir='ltr'><em>Maqtrretice</em></span> <span class='ocrx_word' id='word_1_101' title='bbox 1300 1544 1535 1600; x_wconf 73' lang='lat' dir='ltr'><em>Christianismum</em></span> <span class='ocrx_word' id='word_1_102' title='bbox 1553 1549 1636 1617; x_wconf 90' lang='lat' dir='ltr'><em>plan-</em></span> 
     </span>
    </p>

    <p class='ocr_par' dir='ltr' id='par_1_4' title="bbox 323 1628 1637 1786">
     <span class='ocr_line' id='line_1_11' title="bbox 323 1628 1637 1700; baseline 0.003 -19"><span class='ocrx_word' id='word_1_103' title='bbox 323 1636 434 1684; x_wconf 77' lang='lat' dir='ltr'><em>tatores.</em></span> <span class='ocrx_word' id='word_1_104' title='bbox 475 1628 521 1684; x_wconf 92' lang='lat' dir='ltr'><em>Sic</em></span> <span class='ocrx_word' id='word_1_105' title='bbox 542 1631 612 1684; x_wconf 88' lang='lat' dir='ltr'><em>enirn</em></span> <span class='ocrx_word' id='word_1_106' title='bbox 630 1629 674 1683; x_wconf 90' lang='lat' dir='ltr'><em>iile</em></span> <span class='ocrx_word' id='word_1_107' title='bbox 693 1629 732 1683; x_wconf 88' lang='lat' dir='ltr'><em>od</em></span> <span class='ocrx_word' id='word_1_108' title='bbox 748 1630 895 1684; x_wconf 88' lang='lat' dir='ltr'><em>Hultenum</em></span> <span class='ocrx_word' id='word_1_109' title='bbox 915 1632 982 1684; x_wconf 82' lang='lat' dir='ltr'><em>urrrti</em></span> <span class='ocrx_word' id='word_1_110' title='bbox 1001 1631 1154 1700; x_wconf 88' lang='lat' dir='ltr'><em>superioris</em></span> <span class='ocrx_word' id='word_1_111' title='bbox 1173 1643 1265 1685; x_wconf 86' lang='lat' dir='ltr'><em>mense</em></span> <span class='ocrx_word' id='word_1_112' title='bbox 1285 1628 1440 1685; x_wconf 84' lang='lat' dir='ltr'><em>Nouembri:</em></span> <span class='ocrx_word' id='word_1_113' title='bbox 1467 1630 1542 1686; x_wconf 86' lang='lat' dir='ltr'><em>Iuris</em></span> <span class='ocrx_word' id='word_1_114' title='bbox 1562 1631 1637 1687; x_wconf 83' lang='lat' dir='ltr'><em>Pon·</em></span> 
     </span>
     <span class='ocr_line' id='line_1_12' title="bbox 355 1714 900 1786; baseline 0 -18"><span class='ocrx_word' id='word_1_115' title='bbox 355 1715 429 1786; x_wconf 81' lang='lat' dir='ltr'><em>lificii</em></span> <span class='ocrx_word' id='word_1_116' title='bbox 445 1756 549 1771; x_wconf 93' lang='grc'><strong>.....</strong></span> <span class='ocrx_word' id='word_1_117' title='bbox 573 1729 678 1769; x_wconf 78' lang='lat' dir='ltr'><em>scetere</em></span> <span class='ocrx_word' id='word_1_118' title='bbox 699 1714 900 1769; x_wconf 83' lang='lat' dir='ltr'><em>leumanitatem.</em></span> 
     </span>
    </p>

    <p class='ocr_par' dir='ltr' id='par_1_5' title="bbox 355 1798 1637 2043">
     <span class='ocr_line' id='line_1_13' title="bbox 439 1798 1636 1868; baseline 0.002 -15"><span class='ocrx_word' id='word_1_119' title='bbox 439 1801 590 1860; x_wconf 69' lang='lat' dir='ltr'><em>Arta-1621</em></span> <span class='ocrx_word' id='word_1_120' title='bbox 596 1831 783 1857; x_wconf 64' lang='lat'><em>........</em></span> <span class='ocrx_word' id='word_1_121' title='bbox 782 1798 796 1850; x_wconf 78' lang='lat' dir='ltr'><em>i</em></span> <span class='ocrx_word' id='word_1_122' title='bbox 792 1798 914 1853; x_wconf 81' lang='lat' dir='ltr'><em>lartinus</em></span> <span class='ocrx_word' id='word_1_123' title='bbox 933 1798 1061 1853; x_wconf 88' lang='lat' dir='ltr'><em>Bucerus</em></span> <span class='ocrx_word' id='word_1_124' title='bbox 1084 1798 1289 1854; x_wconf 83' lang='lat' dir='ltr'><em>Selesludicnsis</em></span> <span class='ocrx_word' id='word_1_125' title='bbox 1309 1814 1401 1855; x_wconf 87' lang='lat' dir='ltr'><em>meuse</em></span> <span class='ocrx_word' id='word_1_126' title='bbox 1420 1799 1538 1868; x_wconf 82' lang='lat' dir='ltr'><em>Martio,</em></span> <span class='ocrx_word' id='word_1_127' title='bbox 1569 1808 1636 1855; x_wconf 84' lang='lat' dir='ltr'><em>oetrt·</em></span> 
     </span>
     <span class='ocr_line' id='line_1_14' title="bbox 355 1882 1637 1958; baseline 0 -18"><span class='ocrx_word' id='word_1_128' title='bbox 355 1886 388 1940; x_wconf 92' lang='lat' dir='ltr'><em>tis</em></span> <span class='ocrx_word' id='word_1_129' title='bbox 409 1886 559 1955; x_wconf 78' lang='lat' dir='ltr'><em>tripesimo,</em></span> <span class='ocrx_word' id='word_1_130' title='bbox 580 1883 689 1940; x_wconf 89' lang='lat' dir='ltr'><em>hortatu</em></span> <span class='ocrx_word' id='word_1_131' title='bbox 710 1885 858 1940; x_wconf 80' lang='lat' dir='ltr'><em>Ferrucisci</em></span> <span class='ocrx_word' id='word_1_132' title='bbox 877 1902 894 1937; x_wconf 93' lang='lat' dir='ltr'><em>u</em></span> <span class='ocrx_word' id='word_1_133' title='bbox 911 1882 1056 1956; x_wconf 82' lang='lat' dir='ltr'><em>Sicisinqeu</em></span> <span class='ocrx_word' id='word_1_134' title='bbox 1077 1892 1103 1939; x_wconf 90' lang='lat' dir='ltr'><em>ct</em></span> <span class='ocrx_word' id='word_1_135' title='bbox 1130 1883 1216 1938; x_wconf 87' lang='lat' dir='ltr'><em>illrici</em></span> <span class='ocrx_word' id='word_1_136' title='bbox 1233 1884 1348 1939; x_wconf 87' lang='lat' dir='ltr'><em>Halteni</em></span> <span class='ocrx_word' id='word_1_137' title='bbox 1367 1888 1496 1958; x_wconf 81' lang='lat' dir='ltr'><em>relinquit</em></span> <span class='ocrx_word' id='word_1_138' title='bbox 1515 1886 1637 1941; x_wconf 91' lang='lat' dir='ltr'><em>ordinem</em></span> 
     </span>
     <span class='ocr_line' id='line_1_15' title="bbox 355 1968 1637 2043; baseline 0.001 -19"><span class='ocrx_word' id='word_1_139' title='bbox 355 1969 607 2033; x_wconf 81' lang='lat' dir='ltr'><em>lierniuicanorurn,</em></span> <span class='ocrx_word' id='word_1_140' title='bbox 627 1972 654 2024; x_wconf 88' lang='lat' dir='ltr'><em>in</em></span> <span class='ocrx_word' id='word_1_141' title='bbox 676 1988 728 2042; x_wconf 92' lang='lat' dir='ltr'><em>quo</em></span> <span class='ocrx_word' id='word_1_142' title='bbox 747 1971 855 2024; x_wconf 79' lang='lat' dir='ltr'><em>eiecerat</em></span> <span class='ocrx_word' id='word_1_143' title='bbox 875 1985 963 2024; x_wconf 83' lang='lat' dir='ltr'><em>arrrros</em></span> <span class='ocrx_word' id='word_1_144' title='bbox 983 1969 1150 2041; x_wconf 63' lang='lat' dir='ltr'><em>arcitenentis,</em></span> <span class='ocrx_word' id='word_1_145' title='bbox 1173 1976 1199 2023; x_wconf 90' lang='lat' dir='ltr'><em>et</em></span> <span class='ocrx_word' id='word_1_146' title='bbox 1219 1968 1257 2022; x_wconf 85' lang='lat' dir='ltr'><em>erd</em></span> <span class='ocrx_word' id='word_1_147' title='bbox 1275 1969 1457 2025; x_wconf 84' lang='lat' dir='ltr'><em>Franciscum</em></span> <span class='ocrx_word' id='word_1_148' title='bbox 1480 1970 1637 2043; x_wconf 78' lang='lat' dir='ltr'><em>Siehiuqurn</em></span> 
     </span>
    </p>

    <p class='ocr_par' dir='ltr' id='par_1_6' title="bbox 320 2052 1636 2366">
     <span class='ocr_line' id='line_1_16' title="bbox 320 2052 1636 2126; baseline 0.001 -18"><span class='ocrx_word' id='word_1_149' title='bbox 320 2068 384 2109; x_wconf 75' lang='lat' dir='ltr'><em>isse</em></span> <span class='ocrx_word' id='word_1_150' title='bbox 405 2054 523 2126; x_wconf 86' lang='lat' dir='ltr'><em>confert.</em></span> <span class='ocrx_word' id='word_1_151' title='bbox 559 2055 728 2109; x_wconf 84' lang='lat' dir='ltr'><em>Franciscus</em></span> <span class='ocrx_word' id='word_1_152' title='bbox 751 2054 894 2110; x_wconf 82' lang='lat' dir='ltr'><em>Friderieo</em></span> <span class='ocrx_word' id='word_1_153' title='bbox 915 2054 1055 2124; x_wconf 88' lang='lat' dir='ltr'><em>Palatino,</em></span> <span class='ocrx_word' id='word_1_154' title='bbox 1078 2052 1200 2108; x_wconf 80' lang='lat' dir='ltr'><em>Peresidi</em></span> <span class='ocrx_word' id='word_1_155' title='bbox 1214 2053 1331 2108; x_wconf 88' lang='lat' dir='ltr'><em>Senatus</em></span> <span class='ocrx_word' id='word_1_156' title='bbox 1347 2055 1463 2126; x_wconf 85' lang='lat' dir='ltr'><em>imperii</em></span> <span class='ocrx_word' id='word_1_157' title='bbox 1483 2071 1541 2110; x_wconf 90' lang='lat' dir='ltr'><em>euru</em></span> <span class='ocrx_word' id='word_1_158' title='bbox 1564 2072 1636 2111; x_wconf 93' lang='lat' dir='ltr'><em>com-</em></span> 
     </span>
     <span class='ocr_line' id='line_1_17' title="bbox 355 2138 1635 2210; baseline 0.002 -16"><span class='ocrx_word' id='word_1_159' title='bbox 355 2140 479 2195; x_wconf 89' lang='lat' dir='ltr'><em>mendat:</em></span> <span class='ocrx_word' id='word_1_160' title='bbox 501 2143 577 2195; x_wconf 91' lang='lat' dir='ltr'><em>cuius</em></span> <span class='ocrx_word' id='word_1_161' title='bbox 598 2142 772 2194; x_wconf 85' lang='lat' dir='ltr'><em>ecclesiasten</em></span> <span class='ocrx_word' id='word_1_162' title='bbox 794 2142 911 2195; x_wconf 88' lang='lat' dir='ltr'><em>aulicum</em></span> <span class='ocrx_word' id='word_1_163' title='bbox 933 2142 1067 2210; x_wconf 82' lang='lat' dir='ltr'><em>irrteqrum</em></span> <span class='ocrx_word' id='word_1_164' title='bbox 1089 2155 1191 2193; x_wconf 81' lang='lat' dir='ltr'><em>arritum</em></span> <span class='ocrx_word' id='word_1_165' title='bbox 1212 2142 1279 2210; x_wconf 79' lang='lat' dir='ltr'><em>epit,</em></span> <span class='ocrx_word' id='word_1_166' title='bbox 1301 2138 1387 2194; x_wconf 89' lang='lat' dir='ltr'><em>donee</em></span> <span class='ocrx_word' id='word_1_167' title='bbox 1409 2148 1522 2195; x_wconf 81' lang='lat' dir='ltr'><em>vacante</em></span> <span class='ocrx_word' id='word_1_168' title='bbox 1538 2157 1635 2210; x_wconf 85' lang='lat' dir='ltr'><em>parte-</em></span> 
     </span>
     <span class='ocr_line' id='line_1_18' title="bbox 354 2223 1636 2297; baseline 0.002 -19"><span class='ocrx_word' id='word_1_169' title='bbox 354 2227 397 2279; x_wconf 92' lang='lat' dir='ltr'><em>cia</em></span> <span class='ocrx_word' id='word_1_170' title='bbox 419 2224 622 2280; x_wconf 78' lang='lat' dir='ltr'><em>Lcendstallensi</em></span> <span class='ocrx_word' id='word_1_171' title='bbox 639 2243 657 2279; x_wconf 87' lang='lat' dir='ltr'><em>u</em></span> <span class='ocrx_word' id='word_1_172' title='bbox 682 2226 832 2281; x_wconf 80' lang='lat' dir='ltr'><em>Frrrrrcisco</em></span> <span class='ocrx_word' id='word_1_173' title='bbox 855 2226 945 2280; x_wconf 73' lang='lat' dir='ltr'><em>uolnus</em></span> <span class='ocrx_word' id='word_1_174' title='bbox 968 2231 1112 2281; x_wconf 86' lang='lat' dir='ltr'><em>reuocatus</em></span> <span class='ocrx_word' id='word_1_175' title='bbox 1131 2223 1201 2295; x_wconf 91' lang='lat' dir='ltr'><em>fuit,</em></span> <span class='ocrx_word' id='word_1_176' title='bbox 1230 2225 1302 2279; x_wconf 85' lang='lat' dir='ltr'><em>uuloe</em></span> <span class='ocrx_word' id='word_1_177' title='bbox 1327 2239 1416 2297; x_wconf 85' lang='lat' dir='ltr'><em>supra</em></span> <span class='ocrx_word' id='word_1_178' title='bbox 1443 2226 1550 2281; x_wconf 91' lang='lat' dir='ltr'><em>modum</em></span> <span class='ocrx_word' id='word_1_179' title='bbox 1569 2241 1636 2297; x_wconf 87' lang='lat' dir='ltr'><em>per·</em></span> 
     </span>
     <span class='ocr_line' id='line_1_19' title="bbox 353 2318 444 2366; baseline -0.033 0"><span class='ocrx_word' id='word_1_180' title='bbox 353 2318 444 2366; x_wconf 86' lang='lat' dir='ltr'><em>tasas.</em></span> 
     </span>
    </p>

    <p class='ocr_par' dir='ltr' id='par_1_7' title="bbox 319 2394 1638 2637">
     <span class='ocr_line' id='line_1_20' title="bbox 439 2394 1638 2466; baseline -0.001 -16"><span class='ocrx_word' id='word_1_181' title='bbox 439 2398 509 2450; x_wconf 86' lang='lat' dir='ltr'><em>Anu.</em></span> <span class='ocrx_word' id='word_1_182' title='bbox 529 2401 603 2454; x_wconf 72' lang='lat' dir='ltr'><em>tsi-2.</em></span> <span class='ocrx_word' id='word_1_183' title='bbox 824 2396 850 2449; x_wconf 85' lang='lat' dir='ltr'><em>E</em></span> <span class='ocrx_word' id='word_1_184' title='bbox 871 2394 1006 2450; x_wconf 85' lang='lat' dir='ltr'><em>nobilitate</em></span> <span class='ocrx_word' id='word_1_185' title='bbox 1033 2395 1198 2451; x_wconf 86' lang='lat' dir='ltr'><em>Germanica</em></span> <span class='ocrx_word' id='word_1_186' title='bbox 1225 2396 1357 2449; x_wconf 88' lang='lat' dir='ltr'><em>acerrimi</em></span> <span class='ocrx_word' id='word_1_187' title='bbox 1384 2395 1451 2466; x_wconf 81' lang='lat' dir='ltr'><em>fidei</em></span> <span class='ocrx_word' id='word_1_188' title='bbox 1473 2394 1638 2451; x_wconf 74' lang='lat' dir='ltr'><em>orthodoxae</em></span> 
     </span>
     <span class='ocr_line' id='line_1_21' title="bbox 319 2478 1638 2553; baseline 0.001 -20"><span class='ocrx_word' id='word_1_189' title='bbox 319 2486 574 2553; x_wconf 81' lang='lat' dir='ltr'><em>ruproprrquatores</em></span> <span class='ocrx_word' id='word_1_190' title='bbox 601 2487 682 2535; x_wconf 90' lang='lat' dir='ltr'><em>eraut</em></span> <span class='ocrx_word' id='word_1_191' title='bbox 708 2481 815 2535; x_wconf 80' lang='lat' dir='ltr'><em>lib-icus</em></span> <span class='ocrx_word' id='word_1_192' title='bbox 840 2479 995 2549; x_wconf 89' lang='lat' dir='ltr'><em>Hutteuus,</em></span> <span class='ocrx_word' id='word_1_193' title='bbox 1022 2480 1192 2535; x_wconf 85' lang='lat' dir='ltr'><em>Frarrciscus</em></span> <span class='ocrx_word' id='word_1_194' title='bbox 1211 2498 1229 2534; x_wconf 91' lang='lat' dir='ltr'><em>a</em></span> <span class='ocrx_word' id='word_1_195' title='bbox 1253 2478 1416 2551; x_wconf 82' lang='lat' dir='ltr'><em>Siclciuqea‚</em></span> <span class='ocrx_word' id='word_1_196' title='bbox 1444 2480 1638 2535; x_wconf 84' lang='lat' dir='ltr'><em>liurtmundus</em></span> 
     </span>
     <span class='ocr_line' id='line_1_22' title="bbox 354 2564 1574 2637; baseline 0 -16"><span class='ocrx_word' id='word_1_197' title='bbox 354 2585 372 2621; x_wconf 90' lang='lat' dir='ltr'><em>u</em></span> <span class='ocrx_word' id='word_1_198' title='bbox 396 2566 544 2636; x_wconf 81' lang='lat' dir='ltr'><em>Craubcrq.</em></span> <span class='ocrx_word' id='word_1_199' title='bbox 582 2566 718 2620; x_wconf 86' lang='lat' dir='ltr'><em>Hutteuus</em></span> <span class='ocrx_word' id='word_1_200' title='bbox 740 2566 822 2619; x_wconf 88' lang='lat' dir='ltr'><em>mulla</em></span> <span class='ocrx_word' id='word_1_201' title='bbox 839 2582 896 2636; x_wconf 92' lang='lat' dir='ltr'><em>pra</em></span> <span class='ocrx_word' id='word_1_202' title='bbox 916 2564 1035 2619; x_wconf 82' lang='lat' dir='ltr'><em>Lathero</em></span> <span class='ocrx_word' id='word_1_203' title='bbox 1057 2572 1153 2620; x_wconf 85' lang='lat' dir='ltr'><em>caretro</em></span> <span class='ocrx_word' id='word_1_204' title='bbox 1176 2566 1285 2636; x_wconf 89' lang='lat' dir='ltr'><em>Papum</em></span> <span class='ocrx_word' id='word_1_205' title='bbox 1307 2568 1418 2637; x_wconf 88' lang='lat' dir='ltr'><em>scripsit</em></span> <span class='ocrx_word' id='word_1_206' title='bbox 1438 2605 1574 2621; x_wconf 89' lang='grc'><strong>......</strong></span> 
     </span>
    </p>

    <p class='ocr_par' dir='ltr' id='par_1_8' title="bbox 354 2649 1638 2892">
     <span class='ocr_line' id='line_1_23' title="bbox 441 2649 1638 2723; baseline 0 -18"><span class='ocrx_word' id='word_1_207' title='bbox 441 2689 551 2708; x_wconf 88' lang='grc'><strong>.....</strong></span> <span class='ocrx_word' id='word_1_208' title='bbox 574 2649 722 2721; x_wconf 81' lang='lat' dir='ltr'><em>Maquntioe</em></span> <span class='ocrx_word' id='word_1_209' title='bbox 743 2650 901 2722; x_wconf 86' lang='lat' dir='ltr'><em>quotidiana</em></span> <span class='ocrx_word' id='word_1_210' title='bbox 923 2652 1055 2721; x_wconf 82' lang='lat' dir='ltr'><em>euartqeiii</em></span> <span class='ocrx_word' id='word_1_211' title='bbox 1080 2653 1248 2705; x_wconf 85' lang='lat' dir='ltr'><em>incrementa</em></span> <span class='ocrx_word' id='word_1_212' title='bbox 1269 2650 1466 2717; x_wconf 82' lang='lat' dir='ltr'><em>audiebantur,</em></span> <span class='ocrx_word' id='word_1_213' title='bbox 1497 2667 1560 2723; x_wconf 81' lang='lat' dir='ltr'><em>quae</em></span> <span class='ocrx_word' id='word_1_214' title='bbox 1582 2667 1638 2721; x_wconf 86' lang='lat' dir='ltr'><em>per</em></span> 
     </span>
     <span class='ocr_line' id='line_1_24' title="bbox 354 2734 1638 2807; baseline 0.002 -17"><span class='ocrx_word' id='word_1_215' title='bbox 354 2735 389 2790; x_wconf 82' lang='lat' dir='ltr'><em>tr.</em></span> <span class='ocrx_word' id='word_1_216' title='bbox 409 2734 560 2806; x_wconf 83' lang='lat' dir='ltr'><em>Casperem</em></span> <span class='ocrx_word' id='word_1_217' title='bbox 574 2735 739 2802; x_wconf 89' lang='lat' dir='ltr'><em>Hedianern,</em></span> <span class='ocrx_word' id='word_1_218' title='bbox 761 2737 977 2791; x_wconf 82' lang='lat' dir='ltr'><em>cariciurratarem</em></span> <span class='ocrx_word' id='word_1_219' title='bbox 994 2737 1022 2789; x_wconf 90' lang='lat' dir='ltr'><em>in</em></span> <span class='ocrx_word' id='word_1_220' title='bbox 1036 2738 1177 2806; x_wconf 89' lang='lat' dir='ltr'><em>primaria</em></span> <span class='ocrx_word' id='word_1_221' title='bbox 1199 2736 1273 2804; x_wconf 83' lang='lat' dir='ltr'><em>cerie,</em></span> <span class='ocrx_word' id='word_1_222' title='bbox 1291 2751 1345 2807; x_wconf 89' lang='lat' dir='ltr'><em>per</em></span> <span class='ocrx_word' id='word_1_223' title='bbox 1361 2735 1516 2807; x_wconf 86' lang='lat' dir='ltr'><em>Capitonem</em></span> <span class='ocrx_word' id='word_1_224' title='bbox 1531 2741 1556 2790; x_wconf 87' lang='lat' dir='ltr'><em>el</em></span> <span class='ocrx_word' id='word_1_225' title='bbox 1569 2737 1638 2791; x_wconf 87' lang='lat' dir='ltr'><em>alias</em></span> 
     </span>
     <span class='ocr_line' id='line_1_25' title="bbox 355 2818 999 2892; baseline 0 -19"><span class='ocrx_word' id='word_1_226' title='bbox 355 2821 466 2890; x_wconf 89' lang='lat' dir='ltr'><em>spiritus</em></span> <span class='ocrx_word' id='word_1_227' title='bbox 487 2820 655 2889; x_wconf 78' lang='lat' dir='ltr'><em>operabatur</em></span> <span class='ocrx_word' id='word_1_228' title='bbox 676 2836 711 2873; x_wconf 91' lang='lat' dir='ltr'><em>ac</em></span> <span class='ocrx_word' id='word_1_229' title='bbox 729 2818 840 2892; x_wconf 88' lang='lat' dir='ltr'><em>fauebat</em></span> <span class='ocrx_word' id='word_1_230' title='bbox 865 2860 999 2878; x_wconf 89' lang='grc'><strong><em>......</em></strong></span> 
     </span>
    </p>

    <p class='ocr_par' dir='ltr' id='par_1_9' title="bbox 321 2903 1641 3317">
     <span class='ocr_line' id='line_1_26' title="bbox 321 2903 1638 2977; baseline 0 -17"><span class='ocrx_word' id='word_1_231' title='bbox 321 2921 346 2960; x_wconf 80' lang='lat' dir='ltr'><em>us</em></span> <span class='ocrx_word' id='word_1_232' title='bbox 440 2906 511 2959; x_wconf 84' lang='lat' dir='ltr'><em>Anu.</em></span> <span class='ocrx_word' id='word_1_233' title='bbox 529 2910 603 2964; x_wconf 80' lang='lat' dir='ltr'><em>tsns.</em></span> <span class='ocrx_word' id='word_1_234' title='bbox 631 2904 677 2959; x_wconf 87' lang='lat' dir='ltr'><em>Ad</em></span> <span class='ocrx_word' id='word_1_235' title='bbox 699 2905 779 2959; x_wconf 89' lang='lat' dir='ltr'><em>latias</em></span> <span class='ocrx_word' id='word_1_236' title='bbox 799 2907 1011 2977; x_wconf 85' lang='lat' dir='ltr'><em>propuqandam</em></span> <span class='ocrx_word' id='word_1_237' title='bbox 1035 2904 1187 2959; x_wconf 87' lang='lat' dir='ltr'><em>doctrinam</em></span> <span class='ocrx_word' id='word_1_238' title='bbox 1209 2905 1341 2976; x_wconf 80' lang='lat' dir='ltr'><em>eaanqelii</em></span> <span class='ocrx_word' id='word_1_239' title='bbox 1360 2903 1464 2960; x_wconf 87' lang='lat' dir='ltr'><em>duobus</em></span> <span class='ocrx_word' id='word_1_240' title='bbox 1490 2905 1543 2960; x_wconf 89' lang='lat' dir='ltr'><em>hoe</em></span> <span class='ocrx_word' id='word_1_241' title='bbox 1564 2922 1638 2960; x_wconf 91' lang='lat' dir='ltr'><em>anua</em></span> 
     </span>
     <span class='ocr_line' id='line_1_27' title="bbox 355 2988 1641 3062; baseline 0 -18"><span class='ocrx_word' id='word_1_242' title='bbox 355 2991 449 3045; x_wconf 88' lang='lat' dir='ltr'><em>mediis</em></span> <span class='ocrx_word' id='word_1_243' title='bbox 468 2990 535 3045; x_wconf 85' lang='lat' dir='ltr'><em>trus</em></span> <span class='ocrx_word' id='word_1_244' title='bbox 554 3005 621 3044; x_wconf 81' lang='lat' dir='ltr'><em>ustus</em></span> <span class='ocrx_word' id='word_1_245' title='bbox 643 2997 696 3061; x_wconf 89' lang='lat' dir='ltr'><em>est,</em></span> <span class='ocrx_word' id='word_1_246' title='bbox 720 2990 888 3062; x_wconf 84' lang='lat' dir='ltr'><em>dispersione</em></span> <span class='ocrx_word' id='word_1_247' title='bbox 909 2988 1035 3062; x_wconf 75' lang='lat' dir='ltr'><em>fratrum</em></span> <span class='ocrx_word' id='word_1_248' title='bbox 1058 2988 1290 3061; x_wconf 78' lang='lat' dir='ltr'><em>Siehinqensium,</em></span> <span class='ocrx_word' id='word_1_249' title='bbox 1320 2996 1346 3043; x_wconf 88' lang='lat' dir='ltr'><em>et</em></span> <span class='ocrx_word' id='word_1_250' title='bbox 1366 2992 1528 3062; x_wconf 80' lang='lat' dir='ltr'><em>miliqntione</em></span> <span class='ocrx_word' id='word_1_251' title='bbox 1550 2990 1641 3046; x_wconf 80' lang='lat' dir='ltr'><em>Edisti</em></span> 
     </span>
     <span class='ocr_line' id='line_1_28' title="bbox 361 3075 1638 3147; baseline 0.001 -18"><span class='ocrx_word' id='word_1_252' title='bbox 361 3075 575 3129; x_wconf 90' lang='lat' dir='ltr'><em>Wormatieusis.</em></span> <span class='ocrx_word' id='word_1_253' title='bbox 626 3075 762 3130; x_wconf 69' lang='lat' dir='ltr'><em>Vrkcerant</em></span> <span class='ocrx_word' id='word_1_254' title='bbox 782 3075 873 3129; x_wconf 88' lang='lat' dir='ltr'><em>eodem</em></span> <span class='ocrx_word' id='word_1_255' title='bbox 898 3090 970 3147; x_wconf 89' lang='lat' dir='ltr'><em>pene</em></span> <span class='ocrx_word' id='word_1_256' title='bbox 998 3082 1118 3146; x_wconf 89' lang='lat' dir='ltr'><em>ternpore</em></span> <span class='ocrx_word' id='word_1_257' title='bbox 1144 3077 1171 3129; x_wconf 89' lang='lat' dir='ltr'><em>in</em></span> <span class='ocrx_word' id='word_1_258' title='bbox 1197 3076 1262 3128; x_wconf 89' lang='lat' dir='ltr'><em>outa</em></span> <span class='ocrx_word' id='word_1_259' title='bbox 1284 3075 1431 3129; x_wconf 84' lang='lat' dir='ltr'><em>Frrrrrcisci</em></span> <span class='ocrx_word' id='word_1_260' title='bbox 1455 3093 1472 3128; x_wconf 92' lang='lat' dir='ltr'><em>o</em></span> <span class='ocrx_word' id='word_1_261' title='bbox 1492 3075 1638 3147; x_wconf 79' lang='lat' dir='ltr'><em>Siclsiuqen</em></span> 
     </span>
     <span class='ocr_line' id='line_1_29' title="bbox 355 3158 1638 3232; baseline 0.001 -18"><span class='ocrx_word' id='word_1_262' title='bbox 355 3159 475 3216; x_wconf 79' lang='lat' dir='ltr'><em>lactasses</em></span> <span class='ocrx_word' id='word_1_263' title='bbox 499 3160 737 3231; x_wconf 86' lang='lat' dir='ltr'><em>liecoiamputiius,</em></span> <span class='ocrx_word' id='word_1_264' title='bbox 761 3158 899 3214; x_wconf 87' lang='lat' dir='ltr'><em>Martinus</em></span> <span class='ocrx_word' id='word_1_265' title='bbox 921 3159 1066 3229; x_wconf 71' lang='lat' dir='ltr'><em>Bacenis,</em></span> <span class='ocrx_word' id='word_1_266' title='bbox 1095 3161 1203 3231; x_wconf 89' lang='lat' dir='ltr'><em>Cuspar</em></span> <span class='ocrx_word' id='word_1_267' title='bbox 1225 3161 1323 3231; x_wconf 79' lang='lat' dir='ltr'><em>riquila</em></span> <span class='ocrx_word' id='word_1_268' title='bbox 1346 3161 1478 3231; x_wconf 83' lang='lat' dir='ltr'><em>patritias</em></span> <span class='ocrx_word' id='word_1_269' title='bbox 1500 3163 1638 3232; x_wconf 81' lang='lat' dir='ltr'><em>Auquslu-</em></span> 
     </span>
     <span class='ocr_line' id='line_1_30' title="bbox 354 3243 1637 3317; baseline 0 -18"><span class='ocrx_word' id='word_1_270' title='bbox 354 3261 421 3312; x_wconf 91' lang='lat' dir='ltr'><em>nus,</em></span> <span class='ocrx_word' id='word_1_271' title='bbox 446 3244 567 3300; x_wconf 78' lang='lat' dir='ltr'><em>ioannes</em></span> <span class='ocrx_word' id='word_1_272' title='bbox 589 3244 769 3299; x_wconf 82' lang='lat' dir='ltr'><em>Schnebelius</em></span> <span class='ocrx_word' id='word_1_273' title='bbox 790 3243 1032 3317; x_wconf 83' lang='lat' dir='ltr'><em>Pfortzbemensis.</em></span> <span class='ocrx_word' id='word_1_274' title='bbox 1078 3245 1230 3300; x_wconf 80' lang='lat' dir='ltr'><em>Francisco</em></span> <span class='ocrx_word' id='word_1_275' title='bbox 1251 3260 1315 3299; x_wconf 89' lang='lat' dir='ltr'><em>ocra</em></span> <span class='ocrx_word' id='word_1_276' title='bbox 1335 3245 1439 3317; x_wconf 75' lang='lat' dir='ltr'><em>infelici</em></span> <span class='ocrx_word' id='word_1_277' title='bbox 1458 3246 1524 3301; x_wconf 88' lang='lat' dir='ltr'><em>belia</em></span> <span class='ocrx_word' id='word_1_278' title='bbox 1548 3247 1637 3316; x_wconf 89' lang='lat' dir='ltr'><em>impli-</em></span> 
     </span>
    </p>

    <p class='ocr_par' dir='ltr' id='par_1_10' title="bbox 323 3329 1638 3743">
     <span class='ocr_line' id='line_1_31' title="bbox 323 3329 1637 3402; baseline -0.002 -16"><span class='ocrx_word' id='word_1_279' title='bbox 323 3337 431 3398; x_wconf 83' lang='lat' dir='ltr'><em>sucata,</em></span> <span class='ocrx_word' id='word_1_280' title='bbox 454 3333 481 3384; x_wconf 91' lang='lat' dir='ltr'><em>in</em></span> <span class='ocrx_word' id='word_1_281' title='bbox 501 3346 553 3402; x_wconf 92' lang='lat' dir='ltr'><em>quo</em></span> <span class='ocrx_word' id='word_1_282' title='bbox 574 3333 687 3402; x_wconf 89' lang='lat' dir='ltr'><em>septimo</em></span> <span class='ocrx_word' id='word_1_283' title='bbox 710 3329 780 3384; x_wconf 91' lang='lat' dir='ltr'><em>Maii</em></span> <span class='ocrx_word' id='word_1_284' title='bbox 795 3333 891 3402; x_wconf 81' lang='lat' dir='ltr'><em>periit,</em></span> <span class='ocrx_word' id='word_1_285' title='bbox 915 3337 1045 3401; x_wconf 89' lang='lat' dir='ltr'><em>tanquam</em></span> <span class='ocrx_word' id='word_1_286' title='bbox 1067 3329 1214 3384; x_wconf 80' lang='lat' dir='ltr'><em>Academia</em></span> <span class='ocrx_word' id='word_1_287' title='bbox 1236 3330 1354 3402; x_wconf 92' lang='lat' dir='ltr'><em>quadum</em></span> <span class='ocrx_word' id='word_1_288' title='bbox 1374 3329 1503 3385; x_wconf 85' lang='lat' dir='ltr'><em>Bucerus</em></span> <span class='ocrx_word' id='word_1_289' title='bbox 1521 3330 1637 3384; x_wconf 87' lang='lat' dir='ltr'><em>Weisse-</em></span> 
     </span>
     <span class='ocr_line' id='line_1_32' title="bbox 355 3413 1637 3487; baseline 0 -18"><span class='ocrx_word' id='word_1_290' title='bbox 355 3416 469 3487; x_wconf 85' lang='lat' dir='ltr'><em>burqum</em></span> <span class='ocrx_word' id='word_1_291' title='bbox 483 3424 509 3470; x_wconf 92' lang='lat' dir='ltr'><em>et</em></span> <span class='ocrx_word' id='word_1_292' title='bbox 521 3416 584 3470; x_wconf 90' lang='lat' dir='ltr'><em>inde</em></span> <span class='ocrx_word' id='word_1_293' title='bbox 600 3417 792 3487; x_wconf 83' lang='lat' dir='ltr'><em>Arpentinum‚</em></span> <span class='ocrx_word' id='word_1_294' title='bbox 810 3415 1035 3486; x_wconf 78' lang='lat' dir='ltr'><em>oecolampadius</em></span> <span class='ocrx_word' id='word_1_295' title='bbox 1052 3413 1201 3480; x_wconf 88' lang='lat' dir='ltr'><em>Busitearn,</em></span> <span class='ocrx_word' id='word_1_296' title='bbox 1218 3416 1316 3487; x_wconf 81' lang='lat' dir='ltr'><em>Aquilo</em></span> <span class='ocrx_word' id='word_1_297' title='bbox 1334 3415 1508 3479; x_wconf 73' lang='lat' dir='ltr'><em>iscariotem,</em></span> <span class='ocrx_word' id='word_1_298' title='bbox 1529 3413 1637 3471; x_wconf 85' lang='lat' dir='ltr'><em>Schne-</em></span> 
     </span>
     <span class='ocr_line' id='line_1_33' title="bbox 355 3500 1638 3572; baseline -0.001 -18"><span class='ocrx_word' id='word_1_299' title='bbox 355 3500 438 3555; x_wconf 89' lang='lat' dir='ltr'><em>belias</em></span> <span class='ocrx_word' id='word_1_300' title='bbox 453 3500 597 3572; x_wconf 85' lang='lat' dir='ltr'><em>Brpuutum</em></span> <span class='ocrx_word' id='word_1_301' title='bbox 609 3507 808 3568; x_wconf 86' lang='lat' dir='ltr'><em>concesseruut,</em></span> <span class='ocrx_word' id='word_1_302' title='bbox 824 3507 850 3554; x_wconf 92' lang='lat' dir='ltr'><em>et</em></span> <span class='ocrx_word' id='word_1_303' title='bbox 861 3502 942 3556; x_wconf 87' lang='lat' dir='ltr'><em>netuli</em></span> <span class='ocrx_word' id='word_1_304' title='bbox 954 3501 1018 3555; x_wconf 78' lang='lat' dir='ltr'><em>raoni</em></span> <span class='ocrx_word' id='word_1_305' title='bbox 1030 3502 1147 3571; x_wconf 88' lang='lat' dir='ltr'><em>apostati</em></span> <span class='ocrx_word' id='word_1_306' title='bbox 1158 3502 1259 3571; x_wconf 83' lang='lat' dir='ltr'><em>sinquti</em></span> <span class='ocrx_word' id='word_1_307' title='bbox 1272 3501 1395 3570; x_wconf 82' lang='lat' dir='ltr'><em>sinqulas</em></span> <span class='ocrx_word' id='word_1_308' title='bbox 1408 3515 1501 3554; x_wconf 72' lang='lat' dir='ltr'><em>cerream</em></span> <span class='ocrx_word' id='word_1_309' title='bbox 1517 3500 1638 3555; x_wconf 89' lang='lat' dir='ltr'><em>locorum</em></span> 
     </span>
     <span class='ocr_line' id='line_1_34' title="bbox 354 3584 1637 3656; baseline -0.002 -17"><span class='ocrx_word' id='word_1_310' title='bbox 354 3586 483 3640; x_wconf 83' lang='lat' dir='ltr'><em>eeclesias</em></span> <span class='ocrx_word' id='word_1_311' title='bbox 503 3584 695 3655; x_wconf 79' lang='lat' dir='ltr'><em>reformarunt</em></span> <span class='ocrx_word' id='word_1_312' title='bbox 719 3624 892 3643; x_wconf 90' lang='grc'><strong>........</strong></span> <span class='ocrx_word' id='word_1_313' title='bbox 920 3587 1097 3656; x_wconf 78' lang='lat' dir='ltr'><em>Arqentinam</em></span> <span class='ocrx_word' id='word_1_314' title='bbox 1117 3584 1169 3640; x_wconf 87' lang='lat' dir='ltr'><em>hoc</em></span> <span class='ocrx_word' id='word_1_315' title='bbox 1195 3602 1268 3640; x_wconf 75' lang='lat' dir='ltr'><em>arieto</em></span> <span class='ocrx_word' id='word_1_316' title='bbox 1292 3587 1399 3639; x_wconf 75' lang='lat' dir='ltr'><em>ar‘rriunt</em></span> <span class='ocrx_word' id='word_1_317' title='bbox 1417 3584 1557 3639; x_wconf 89' lang='lat' dir='ltr'><em>Martinus</em></span> <span class='ocrx_word' id='word_1_318' title='bbox 1580 3585 1637 3639; x_wconf 88' lang='lat' dir='ltr'><em>Bu-</em></span> 
     </span>
     <span class='ocr_line' id='line_1_35' title="bbox 355 3668 1637 3743; baseline -0.001 -20"><span class='ocrx_word' id='word_1_319' title='bbox 355 3684 437 3724; x_wconf 90' lang='lat' dir='ltr'><em>cerus</em></span> <span class='ocrx_word' id='word_1_320' title='bbox 464 3669 687 3743; x_wconf 82' lang='lat' dir='ltr'><em>ii&#39;eissenburqo,</em></span> <span class='ocrx_word' id='word_1_321' title='bbox 711 3671 819 3741; x_wconf 88' lang='lat' dir='ltr'><em>Cuspur</em></span> <span class='ocrx_word' id='word_1_322' title='bbox 840 3669 929 3727; x_wconf 87' lang='lat' dir='ltr'><em>Hedio</em></span> <span class='ocrx_word' id='word_1_323' title='bbox 952 3678 978 3724; x_wconf 90' lang='lat' dir='ltr'><em>et</em></span> <span class='ocrx_word' id='word_1_324' title='bbox 1005 3669 1194 3741; x_wconf 80' lang='lat' dir='ltr'><em>Wolffqanqus</em></span> <span class='ocrx_word' id='word_1_325' title='bbox 1215 3669 1357 3724; x_wconf 87' lang='lat' dir='ltr'><em>Fabritius</em></span> <span class='ocrx_word' id='word_1_326' title='bbox 1379 3668 1472 3741; x_wconf 89' lang='lat' dir='ltr'><em>Capito</em></span> <span class='ocrx_word' id='word_1_327' title='bbox 1488 3668 1637 3741; x_wconf 80' lang='lat' dir='ltr'><em>Moquntiu,</em></span> 
     </span>
    </p>

    <p class='ocr_par' dir='ltr' id='par_1_11' title="bbox 321 3752 1638 4000">
     <span class='ocr_line' id='line_1_36' title="bbox 321 3752 1636 3827; baseline 0.001 -18"><span class='ocrx_word' id='word_1_328' title='bbox 321 3757 410 3810; x_wconf 74' lang='lat' dir='ltr'><em>sutrio</em></span> <span class='ocrx_word' id='word_1_329' title='bbox 440 3771 494 3809; x_wconf 92' lang='lat' dir='ltr'><em>non</em></span> <span class='ocrx_word' id='word_1_330' title='bbox 515 3755 601 3809; x_wconf 87' lang='lat' dir='ltr'><em>satam</em></span> <span class='ocrx_word' id='word_1_331' title='bbox 628 3757 750 3810; x_wconf 74' lang='lat' dir='ltr'><em>ecclesiia</em></span> <span class='ocrx_word' id='word_1_332' title='bbox 780 3757 1003 3827; x_wconf 69' lang='lat' dir='ltr'><em>uirqeutineusis,</em></span> <span class='ocrx_word' id='word_1_333' title='bbox 1032 3756 1084 3809; x_wconf 88' lang='lat' dir='ltr'><em>sed</em></span> <span class='ocrx_word' id='word_1_334' title='bbox 1103 3756 1176 3810; x_wconf 90' lang='lat' dir='ltr'><em>orbis</em></span> <span class='ocrx_word' id='word_1_335' title='bbox 1203 3752 1352 3809; x_wconf 83' lang='lat' dir='ltr'><em>Christiani</em></span> <span class='ocrx_word' id='word_1_336' title='bbox 1371 3755 1473 3809; x_wconf 88' lang='lat' dir='ltr'><em>lumina</em></span> <span class='ocrx_word' id='word_1_337' title='bbox 1507 3795 1636 3812; x_wconf 91' lang='grc'><strong>......</strong></span> 
     </span>
     <span class='ocr_line' id='line_1_37' title="bbox 355 3838 1638 3912; baseline -0.002 -17"><span class='ocrx_word' id='word_1_338' title='bbox 355 3838 475 3895; x_wconf 83' lang='lat' dir='ltr'><em>Inartnes</em></span> <span class='ocrx_word' id='word_1_339' title='bbox 495 3838 717 3912; x_wconf 87' lang='lat' dir='ltr'><em>Oecalarupadias</em></span> <span class='ocrx_word' id='word_1_340' title='bbox 740 3840 773 3894; x_wconf 91' lang='lat' dir='ltr'><em>de</em></span> <span class='ocrx_word' id='word_1_341' title='bbox 794 3855 823 3895; x_wconf 90' lang='lat' dir='ltr'><em>se</em></span> <span class='ocrx_word' id='word_1_342' title='bbox 844 3848 869 3895; x_wconf 89' lang='lat' dir='ltr'><em>et</em></span> <span class='ocrx_word' id='word_1_343' title='bbox 895 3840 985 3895; x_wconf 87' lang='lat' dir='ltr'><em>Uirica</em></span> <span class='ocrx_word' id='word_1_344' title='bbox 1008 3838 1128 3894; x_wconf 87' lang='lat' dir='ltr'><em>Hatterro</em></span> <span class='ocrx_word' id='word_1_345' title='bbox 1146 3839 1185 3894; x_wconf 88' lang='lat' dir='ltr'><em>tal</em></span> <span class='ocrx_word' id='word_1_346' title='bbox 1204 3839 1352 3894; x_wconf 86' lang='lat' dir='ltr'><em>Iledionem</em></span> <span class='ocrx_word' id='word_1_347' title='bbox 1375 3846 1418 3898; x_wconf 78' lang='lat' dir='ltr'><em>&#39;ll-</em></span> <span class='ocrx_word' id='word_1_348' title='bbox 1441 3838 1569 3895; x_wconf 83' lang='lat' dir='ltr'><em>Irrrtuorii</em></span> <span class='ocrx_word' id='word_1_349' title='bbox 1587 3840 1638 3894; x_wconf 90' lang='lat' dir='ltr'><em>hoc</em></span> 
     </span>
     <span class='ocr_line' id='line_1_38' title="bbox 353 3922 1322 4000; baseline -0.002 -20"><span class='ocrx_word' id='word_1_350' title='bbox 353 3924 460 3980; x_wconf 80' lang='lat' dir='ltr'><em>scribit:</em></span> <span class='ocrx_word' id='word_1_351' title='bbox 483 3923 553 3979; x_wconf 85' lang='lat' dir='ltr'><em>Sunt</em></span> <span class='ocrx_word' id='word_1_352' title='bbox 574 3924 618 3980; x_wconf 88' lang='lat' dir='ltr'><em>bic</em></span> <span class='ocrx_word' id='word_1_353' title='bbox 640 3922 788 4000; x_wconf 79' lang='lat' dir='ltr'><em>(Basileus)</em></span> <span class='ocrx_word' id='word_1_354' title='bbox 809 3941 847 3980; x_wconf 81' lang='lat' dir='ltr'><em>ex</em></span> <span class='ocrx_word' id='word_1_355' title='bbox 861 3926 1047 3980; x_wconf 89' lang='lat' dir='ltr'><em>sacerdotibus</em></span> <span class='ocrx_word' id='word_1_356' title='bbox 1069 3964 1201 3982; x_wconf 89' lang='grc'><strong>......</strong></span> <span class='ocrx_word' id='word_1_357' title='bbox 1221 3926 1322 3979; x_wconf 90' lang='lat' dir='ltr'><em>nescio.</em></span> 
     </span>
    </p>

    <p class='ocr_par' dir='ltr' id='par_1_12' title="bbox 355 4007 1637 4167">
     <span class='ocr_line' id='line_1_39' title="bbox 441 4007 1637 4082; baseline -0.001 -18"><span class='ocrx_word' id='word_1_358' title='bbox 441 4050 565 4067; x_wconf 90' lang='grc'><strong>......</strong></span> <span class='ocrx_word' id='word_1_359' title='bbox 591 4010 761 4066; x_wconf 86' lang='lat' dir='ltr'><em>Franciscus</em></span> <span class='ocrx_word' id='word_1_360' title='bbox 789 4028 806 4063; x_wconf 93' lang='lat' dir='ltr'><em>a</em></span> <span class='ocrx_word' id='word_1_361' title='bbox 827 4009 973 4082; x_wconf 80' lang='lat' dir='ltr'><em>Sielcinqen</em></span> <span class='ocrx_word' id='word_1_362' title='bbox 997 4010 1089 4081; x_wconf 82' lang='lat' dir='ltr'><em>Eques</em></span> <span class='ocrx_word' id='word_1_363' title='bbox 1110 4010 1279 4077; x_wconf 86' lang='lat' dir='ltr'><em>Geruranas,</em></span> <span class='ocrx_word' id='word_1_364' title='bbox 1303 4007 1470 4064; x_wconf 83' lang='lat' dir='ltr'><em>Lutherome</em></span> <span class='ocrx_word' id='word_1_365' title='bbox 1499 4009 1637 4065; x_wconf 83' lang='lat' dir='ltr'><em>lrareseos</em></span> 
     </span>
     <span class='ocr_line' id='line_1_40' title="bbox 355 4094 1635 4167; baseline -0.002 -16"><span class='ocrx_word' id='word_1_366' title='bbox 355 4094 519 4167; x_wconf 88' lang='lat' dir='ltr'><em>Cupilancus</em></span> <span class='ocrx_word' id='word_1_367' title='bbox 541 4113 558 4149; x_wconf 89' lang='lat' dir='ltr'><em>o</em></span> <span class='ocrx_word' id='word_1_368' title='bbox 582 4097 718 4150; x_wconf 85' lang='lat' dir='ltr'><em>norruailis</em></span> <span class='ocrx_word' id='word_1_369' title='bbox 740 4098 841 4161; x_wconf 90' lang='lat' dir='ltr'><em>dictus,</em></span> <span class='ocrx_word' id='word_1_370' title='bbox 865 4094 969 4166; x_wconf 86' lang='lat' dir='ltr'><em>infelici</em></span> <span class='ocrx_word' id='word_1_371' title='bbox 989 4096 1056 4149; x_wconf 87' lang='lat' dir='ltr'><em>betto</em></span> <span class='ocrx_word' id='word_1_372' title='bbox 1077 4095 1236 4165; x_wconf 88' lang='lat' dir='ltr'><em>implicitas,</em></span> <span class='ocrx_word' id='word_1_373' title='bbox 1265 4094 1338 4167; x_wconf 88' lang='lat' dir='ltr'><em>quod</em></span> <span class='ocrx_word' id='word_1_374' title='bbox 1354 4103 1478 4165; x_wconf 83' lang='lat' dir='ltr'><em>qesserot</em></span> <span class='ocrx_word' id='word_1_375' title='bbox 1497 4111 1568 4149; x_wconf 81' lang='lat' dir='ltr'><em>einero</em></span> <span class='ocrx_word' id='word_1_376' title='bbox 1590 4110 1635 4149; x_wconf 91' lang='lat' dir='ltr'><em>su·</em></span> 
     </span>
    </p>

    <p class='ocr_par' dir='ltr' id='par_1_13' title="bbox 320 4178 1639 4507">
     <span class='ocr_line' id='line_1_41' title="bbox 320 4178 1639 4252; baseline -0.002 -18"><span class='ocrx_word' id='word_1_377' title='bbox 320 4183 461 4252; x_wconf 80' lang='lat' dir='ltr'><em>superiori</em></span> <span class='ocrx_word' id='word_1_378' title='bbox 480 4187 576 4235; x_wconf 89' lang='lat' dir='ltr'><em>contro</em></span> <span class='ocrx_word' id='word_1_379' title='bbox 597 4180 838 4252; x_wconf 78' lang='lat' dir='ltr'><em>Archiepiscopum</em></span> <span class='ocrx_word' id='word_1_380' title='bbox 864 4180 1066 4248; x_wconf 82' lang='lat' dir='ltr'><em>Treuirensem,</em></span> <span class='ocrx_word' id='word_1_381' title='bbox 1089 4179 1226 4234; x_wconf 88' lang='lat' dir='ltr'><em>obsidetur</em></span> <span class='ocrx_word' id='word_1_382' title='bbox 1240 4196 1258 4233; x_wconf 92' lang='lat' dir='ltr'><em>u</em></span> <span class='ocrx_word' id='word_1_383' title='bbox 1275 4179 1415 4243; x_wconf 84' lang='lat' dir='ltr'><em>Palatino,</em></span> <span class='ocrx_word' id='word_1_384' title='bbox 1440 4178 1596 4233; x_wconf 82' lang='lat' dir='ltr'><em>Treuirensi</em></span> <span class='ocrx_word' id='word_1_385' title='bbox 1613 4185 1639 4232; x_wconf 87' lang='lat' dir='ltr'><em>ct</em></span> 
     </span>
     <span class='ocr_line' id='line_1_42' title="bbox 353 4264 1639 4335; baseline -0.002 -15"><span class='ocrx_word' id='word_1_386' title='bbox 353 4266 447 4320; x_wconf 78' lang='lat' dir='ltr'><em>Hersso</em></span> <span class='ocrx_word' id='word_1_387' title='bbox 472 4268 499 4319; x_wconf 90' lang='lat' dir='ltr'><em>in</em></span> <span class='ocrx_word' id='word_1_388' title='bbox 528 4279 594 4319; x_wconf 88' lang='lat' dir='ltr'><em>arce</em></span> <span class='ocrx_word' id='word_1_389' title='bbox 617 4265 776 4333; x_wconf 84' lang='lat' dir='ltr'><em>Lurrdstali,</em></span> <span class='ocrx_word' id='word_1_390' title='bbox 803 4266 968 4335; x_wconf 82' lang='lat' dir='ltr'><em>decussaque</em></span> <span class='ocrx_word' id='word_1_391' title='bbox 990 4280 1028 4318; x_wconf 76' lang='lat' dir='ltr'><em>es</em></span> <span class='ocrx_word' id='word_1_392' title='bbox 1047 4264 1257 4320; x_wconf 84' lang='lat' dir='ltr'><em>bombardorum</em></span> <span class='ocrx_word' id='word_1_393' title='bbox 1280 4266 1334 4318; x_wconf 90' lang='lat' dir='ltr'><em>ictu</em></span> <span class='ocrx_word' id='word_1_394' title='bbox 1356 4267 1464 4318; x_wconf 86' lang='lat' dir='ltr'><em>tramite</em></span> <span class='ocrx_word' id='word_1_395' title='bbox 1485 4264 1595 4318; x_wconf 86' lang='lat' dir='ltr'><em>leeditur·</em></span> <span class='ocrx_word' id='word_1_396' title='bbox 1613 4271 1639 4317; x_wconf 95' lang='lat' dir='ltr'><em>et</em></span> 
     </span>
     <span class='ocr_line' id='line_1_43' title="bbox 353 4345 1638 4421; baseline -0.002 -16"><span class='ocrx_word' id='word_1_397' title='bbox 353 4352 468 4421; x_wconf 87' lang='lat' dir='ltr'><em>septimo</em></span> <span class='ocrx_word' id='word_1_398' title='bbox 495 4347 577 4413; x_wconf 83' lang='lat' dir='ltr'><em>Maii,</em></span> <span class='ocrx_word' id='word_1_399' title='bbox 611 4353 699 4405; x_wconf 80' lang='lat' dir='ltr'><em>(etatis</em></span> <span class='ocrx_word' id='word_1_400' title='bbox 729 4345 802 4405; x_wconf 76' lang='lat' dir='ltr'><em>uitreo</em></span> <span class='ocrx_word' id='word_1_401' title='bbox 824 4356 866 4407; x_wconf 72' lang='lat'><em>4⁴2.</em></span> <span class='ocrx_word' id='word_1_402' title='bbox 895 4351 1027 4415; x_wconf 88' lang='lat' dir='ltr'><em>moritur,</em></span> <span class='ocrx_word' id='word_1_403' title='bbox 1059 4351 1192 4404; x_wconf 90' lang='lat' dir='ltr'><em>salutatus</em></span> <span class='ocrx_word' id='word_1_404' title='bbox 1211 4349 1297 4419; x_wconf 90' lang='lat' dir='ltr'><em>paulo</em></span> <span class='ocrx_word' id='word_1_405' title='bbox 1319 4355 1382 4402; x_wconf 80' lang='lat' dir='ltr'><em>tertie</em></span> <span class='ocrx_word' id='word_1_406' title='bbox 1409 4366 1491 4421; x_wconf 87' lang='lat' dir='ltr'><em>quarn</em></span> <span class='ocrx_word' id='word_1_407' title='bbox 1517 4351 1638 4403; x_wconf 75' lang='lat' dir='ltr'><em>arrianam</em></span> 
     </span>
     <span class='ocr_line' id='line_1_44' title="bbox 353 4432 1638 4507; baseline -0.001 -18"><span class='ocrx_word' id='word_1_408' title='bbox 353 4443 461 4507; x_wconf 77' lang='lat' dir='ltr'><em>uperet,</em></span> <span class='ocrx_word' id='word_1_409' title='bbox 490 4454 507 4489; x_wconf 90' lang='lat' dir='ltr'><em>a</em></span> <span class='ocrx_word' id='word_1_410' title='bbox 539 4436 625 4490; x_wconf 84' lang='lat' dir='ltr'><em>tribus</em></span> <span class='ocrx_word' id='word_1_411' title='bbox 643 4436 816 4507; x_wconf 83' lang='lat' dir='ltr'><em>principibus</em></span> <span class='ocrx_word' id='word_1_412' title='bbox 840 4435 958 4489; x_wconf 85' lang='lat' dir='ltr'><em>hostibus</em></span> <span class='ocrx_word' id='word_1_413' title='bbox 979 4436 1047 4492; x_wconf 87' lang='lat' dir='ltr'><em>suis.</em></span> <span class='ocrx_word' id='word_1_414' title='bbox 1092 4434 1165 4488; x_wconf 88' lang='lat' dir='ltr'><em>Mira</em></span> <span class='ocrx_word' id='word_1_415' title='bbox 1191 4432 1255 4488; x_wconf 90' lang='lat' dir='ltr'><em>hinc</em></span> <span class='ocrx_word' id='word_1_416' title='bbox 1278 4433 1484 4505; x_wconf 78' lang='lat' dir='ltr'><em>Pontificiarurn</em></span> <span class='ocrx_word' id='word_1_417' title='bbox 1509 4435 1638 4506; x_wconf 80' lang='lat' dir='ltr'><em>tripudiu,</em></span> 
     </span>
    </p>
   </div>
   <div class='ocr_carea' id='block_1_3' title="bbox 353 4699 1638 5187">
    <p class='ocr_par' dir='ltr' id='par_1_14' title="bbox 353 4699 1638 5108">
     <span class='ocr_line' id='line_1_45' title="bbox 423 4699 1636 4768; baseline -0.001 -16"><span class='ocrx_word' id='word_1_418' title='bbox 423 4702 433 4733; x_wconf 79' lang='lat'>⁵</span> <span class='ocrx_word' id='word_1_419' title='bbox 451 4704 608 4764; x_wconf 80' lang='lat' dir='ltr'><em>„Lutherus</em></span> <span class='ocrx_word' id='word_1_420' title='bbox 622 4702 655 4751; x_wconf 85' lang='lat' dir='ltr'><em>ud</em></span> <span class='ocrx_word' id='word_1_421' title='bbox 669 4703 842 4768; x_wconf 81' lang='lat' dir='ltr'><em>Spslstinum</em></span> <span class='ocrx_word' id='word_1_422' title='bbox 854 4702 931 4753; x_wconf 83' lang='lat' dir='ltr'><em>Tom.</em></span> <span class='ocrx_word' id='word_1_423' title='bbox 945 4704 966 4752; x_wconf 90' lang='lat'><em>1.</em></span> <span class='ocrx_word' id='word_1_424' title='bbox 980 4702 1079 4767; x_wconf 64' lang='lat' dir='ltr'><em>spicil*</em></span> <span class='ocrx_word' id='word_1_425' title='bbox 1098 4701 1157 4751; x_wconf 84' lang='lat' dir='ltr'><em>urla.</em></span> <span class='ocrx_word' id='word_1_426' title='bbox 1176 4708 1224 4752; x_wconf 86' lang='lat' dir='ltr'><em>est.</em></span> <span class='ocrx_word' id='word_1_427' title='bbox 1258 4700 1270 4733; x_wconf 99' lang='grc'><strong>7</strong></span> <span class='ocrx_word' id='word_1_428' title='bbox 1288 4700 1330 4751; x_wconf 87' lang='lat' dir='ltr'><em>Ci.</em></span> <span class='ocrx_word' id='word_1_429' title='bbox 1344 4715 1427 4765; x_wconf 75' lang='lat' dir='ltr'><em>supra</em></span> <span class='ocrx_word' id='word_1_430' title='bbox 1439 4701 1507 4751; x_wconf 79' lang='lat' dir='ltr'><em>Nos.</em></span> <span class='ocrx_word' id='word_1_431' title='bbox 1522 4715 1548 4750; x_wconf 80' lang='lat' dir='ltr'><em>u.</em></span> <span class='ocrx_word' id='word_1_432' title='bbox 1564 4699 1636 4751; x_wconf 71' lang='lat'>1519.</span> 
     </span>
     <span class='ocr_line' id='line_1_46' title="bbox 354 4783 1637 4853; baseline -0.002 -15"><span class='ocrx_word' id='word_1_433' title='bbox 354 4787 408 4839; x_wconf 81' lang='lat' dir='ltr'><em>vol.</em></span> <span class='ocrx_word' id='word_1_434' title='bbox 423 4788 443 4837; x_wconf 91' lang='lat'><em>1.</em></span> <span class='ocrx_word' id='word_1_435' title='bbox 457 4805 484 4853; x_wconf 83' lang='lat' dir='ltr'><em>p.</em></span> <span class='ocrx_word' id='word_1_436' title='bbox 497 4786 555 4837; x_wconf 72' lang='lat' dir='ltr'><em>ets».</em></span> <span class='ocrx_word' id='word_1_437' title='bbox 603 4786 621 4819; x_wconf 88' lang='lat'><em>¹¹</em></span> <span class='ocrx_word' id='word_1_438' title='bbox 642 4788 733 4838; x_wconf 76' lang='lat' dir='ltr'><em>Verba</em></span> <span class='ocrx_word' id='word_1_439' title='bbox 746 4790 791 4838; x_wconf 80' lang='lat' dir='ltr'><em>iiio</em></span> <span class='ocrx_word' id='word_1_440' title='bbox 804 4790 905 4837; x_wconf 82' lang='lat' dir='ltr'><em>omissa</em></span> <span class='ocrx_word' id='word_1_441' title='bbox 919 4788 1004 4837; x_wconf 81' lang='lat' dir='ltr'><em>hulrcs</em></span> <span class='ocrx_word' id='word_1_442' title='bbox 1018 4786 1070 4837; x_wconf 85' lang='lat' dir='ltr'><em>vol.</em></span> <span class='ocrx_word' id='word_1_443' title='bbox 1084 4787 1105 4835; x_wconf 90' lang='lat' dir='ltr'><em>l.</em></span> <span class='ocrx_word' id='word_1_444' title='bbox 1120 4803 1145 4851; x_wconf 87' lang='lat' dir='ltr'><em>p.</em></span> <span class='ocrx_word' id='word_1_445' title='bbox 1160 4784 1218 4837; x_wconf 81' lang='lat' dir='ltr'><em>sto.</em></span> <span class='ocrx_word' id='word_1_446' title='bbox 1231 4802 1257 4838; x_wconf 83' lang='lat' dir='ltr'><em>v.</em></span> <span class='ocrx_word' id='word_1_447' title='bbox 1270 4797 1334 4836; x_wconf 77' lang='lat' dir='ltr'><em>s...s.</em></span> <span class='ocrx_word' id='word_1_448' title='bbox 1394 4783 1415 4817; x_wconf 83' lang='lat'><em>¹²</em></span> <span class='ocrx_word' id='word_1_449' title='bbox 1427 4785 1573 4852; x_wconf 77' lang='lat' dir='ltr'><em>„Epistola</em></span> <span class='ocrx_word' id='word_1_450' title='bbox 1585 4787 1637 4836; x_wconf 91' lang='lat' dir='ltr'><em>Bu-</em></span> 
     </span>
     <span class='ocr_line' id='line_1_47' title="bbox 354 4868 1637 4938; baseline 0 -16"><span class='ocrx_word' id='word_1_451' title='bbox 354 4875 412 4923; x_wconf 84' lang='lat' dir='ltr'><em>ceri</em></span> <span class='ocrx_word' id='word_1_452' title='bbox 426 4874 483 4923; x_wconf 86' lang='lat' dir='ltr'><em>MS.</em></span> <span class='ocrx_word' id='word_1_453' title='bbox 503 4874 537 4922; x_wconf 85' lang='lat' dir='ltr'><em>ad</em></span> <span class='ocrx_word' id='word_1_454' title='bbox 556 4874 734 4938; x_wconf 83' lang='lat' dir='ltr'><em>Cupitoncm”</em></span> <span class='ocrx_word' id='word_1_455' title='bbox 754 4876 812 4922; x_wconf 72' lang='lat' dir='ltr'><em>adu,</em></span> <span class='ocrx_word' id='word_1_456' title='bbox 827 4880 873 4922; x_wconf 84' lang='lat' dir='ltr'><em>eat.</em></span> <span class='ocrx_word' id='word_1_457' title='bbox 925 4869 947 4903; x_wconf 87' lang='grc'><em>77</em></span> <span class='ocrx_word' id='word_1_458' title='bbox 965 4873 1051 4935; x_wconf 77' lang='lat' dir='ltr'><em>„Vita</em></span> <span class='ocrx_word' id='word_1_459' title='bbox 1070 4871 1252 4921; x_wconf 82' lang='lat' dir='ltr'><em>Sclrwebelii”</em></span> <span class='ocrx_word' id='word_1_460' title='bbox 1271 4876 1329 4921; x_wconf 79' lang='lat' dir='ltr'><em>atta.</em></span> <span class='ocrx_word' id='word_1_461' title='bbox 1343 4878 1390 4920; x_wconf 85' lang='lat' dir='ltr'><em>est.</em></span> <span class='ocrx_word' id='word_1_462' title='bbox 1443 4868 1466 4901; x_wconf 85' lang='grc'><em>77</em></span> <span class='ocrx_word' id='word_1_463' title='bbox 1483 4871 1574 4921; x_wconf 77' lang='lat' dir='ltr'><em>Verba</em></span> <span class='ocrx_word' id='word_1_464' title='bbox 1593 4872 1637 4922; x_wconf 86' lang='lat' dir='ltr'><em>hic</em></span> 
     </span>
     <span class='ocr_line' id='line_1_48' title="bbox 353 4955 1638 5024; baseline -0.002 -17"><span class='ocrx_word' id='word_1_465' title='bbox 353 4960 456 5008; x_wconf 78' lang='lat' dir='ltr'><em>onuissu</em></span> <span class='ocrx_word' id='word_1_466' title='bbox 469 4974 552 5023; x_wconf 79' lang='lat' dir='ltr'><em>suipra</em></span> <span class='ocrx_word' id='word_1_467' title='bbox 564 4976 590 5024; x_wconf 88' lang='lat' dir='ltr'><em>p.</em></span> <span class='ocrx_word' id='word_1_468' title='bbox 608 4958 661 5008; x_wconf 74' lang='lat'><em>157.</em></span> <span class='ocrx_word' id='word_1_469' title='bbox 676 4975 700 5007; x_wconf 81' lang='lat' dir='ltr'><em>u.</em></span> <span class='ocrx_word' id='word_1_470' title='bbox 714 4957 755 5007; x_wconf 71' lang='lat'><em>20.</em></span> <span class='ocrx_word' id='word_1_471' title='bbox 769 4975 827 5023; x_wconf 80' lang='lat' dir='ltr'><em>sqq.</em></span> <span class='ocrx_word' id='word_1_472' title='bbox 842 4957 965 5007; x_wconf 78' lang='lat' dir='ltr'><em>exhibitu</em></span> <span class='ocrx_word' id='word_1_473' title='bbox 983 4962 1054 5006; x_wconf 78' lang='lat' dir='ltr'><em>stunt.</em></span> <span class='ocrx_word' id='word_1_474' title='bbox 1090 4955 1112 4986; x_wconf 68' lang='grc'><em>77</em></span> <span class='ocrx_word' id='word_1_475' title='bbox 1125 4957 1228 5022; x_wconf 72' lang='lat' dir='ltr'><em>„Creop</em></span> <span class='ocrx_word' id='word_1_476' title='bbox 1242 4956 1388 5016; x_wconf 76' lang='lat' dir='ltr'><em>sturmius,</em></span> <span class='ocrx_word' id='word_1_477' title='bbox 1409 4955 1583 5017; x_wconf 80' lang='lat' dir='ltr'><em>eaduceator,</em></span> <span class='ocrx_word' id='word_1_478' title='bbox 1598 4956 1638 5005; x_wconf 89' lang='lat' dir='ltr'><em>hi-</em></span> 
     </span>
     <span class='ocr_line' id='line_1_49' title="bbox 353 5040 1638 5108; baseline 0 -15"><span class='ocrx_word' id='word_1_479' title='bbox 353 5046 441 5094; x_wconf 78' lang='lat' dir='ltr'><em>storia</em></span> <span class='ocrx_word' id='word_1_480' title='bbox 461 5043 626 5093; x_wconf 80' lang='lat' dir='ltr'><em>Geruuuuica</em></span> <span class='ocrx_word' id='word_1_481' title='bbox 645 5043 776 5107; x_wconf 79' lang='lat' dir='ltr'><em>debellati</em></span> <span class='ocrx_word' id='word_1_482' title='bbox 795 5043 966 5093; x_wconf 80' lang='lat' dir='ltr'><em>Franciuci.”</em></span> <span class='ocrx_word' id='word_1_483' title='bbox 985 5044 1044 5092; x_wconf 87' lang='lat' dir='ltr'><em>adn.</em></span> <span class='ocrx_word' id='word_1_484' title='bbox 1058 5050 1104 5092; x_wconf 87' lang='lat' dir='ltr'><em>est.</em></span> <span class='ocrx_word' id='word_1_485' title='bbox 1152 5040 1172 5075; x_wconf 82' lang='lat'><em>⁴¹</em></span> <span class='ocrx_word' id='word_1_486' title='bbox 1191 5044 1248 5108; x_wconf 79' lang='lat' dir='ltr'><em>lepe</em></span> <span class='ocrx_word' id='word_1_487' title='bbox 1260 5041 1428 5106; x_wconf 83' lang='lat' dir='ltr'><em>decussaque</em></span> <span class='ocrx_word' id='word_1_488' title='bbox 1442 5057 1475 5090; x_wconf 83' lang='lat' dir='ltr'><em>ex</em></span> <span class='ocrx_word' id='word_1_489' title='bbox 1488 5040 1514 5091; x_wconf 86' lang='lat' dir='ltr'><em>b.</em></span> <span class='ocrx_word' id='word_1_490' title='bbox 1529 5042 1547 5091; x_wconf 89' lang='lat' dir='ltr'><em>i.</em></span> <span class='ocrx_word' id='word_1_491' title='bbox 1560 5040 1638 5093; x_wconf 81' lang='lat' dir='ltr'><em>trube</em></span> 
     </span>
    </p>

    <p class='ocr_par' dir='ltr' id='par_1_15' title="bbox 414 5128 1417 5187">
     <span class='ocr_line' id='line_1_50' title="bbox 414 5128 1417 5187; baseline -0.003 -7"><span class='ocrx_word' id='word_1_492' title='bbox 414 5130 544 5180; x_wconf 74' lang='lat' dir='ltr'><em>Herenni</em></span> <span class='ocrx_word' id='word_1_493' title='bbox 558 5128 626 5180; x_wconf 85' lang='lat' dir='ltr'><em>Oee.</em></span> <span class='ocrx_word' id='word_1_494' title='bbox 640 5143 703 5180; x_wconf 83' lang='lat' dir='ltr'><em>vot..</em></span> <span class='ocrx_word' id='word_1_495' title='bbox 717 5128 753 5179; x_wconf 90' lang='lat'><em>11.</em></span> <span class='ocrx_word' id='word_1_496' title='bbox 1378 5128 1417 5187; x_wconf 79' lang='lat'><em>25</em></span> 
     </span>
    </p>
   </div>
   <div class='ocr_carea' id='block_1_4' title="bbox 0 0 1974 6034">
    <p class='ocr_par' dir='ltr' id='par_1_16' title="bbox 0 0 1974 6034">
     <span class='ocr_line' id='line_1_51' title="bbox 0 0 1974 6034; baseline 0 0"><span class='ocrx_word' id='word_1_497' title='bbox 0 0 1974 6034; x_wconf 95' lang='lat' dir='ltr'><em> </em></span> 
     </span>
    </p>
   </div>
  </div>
 </body>
</html>
