3934 6034
405 706 617 759 cccxxxtttl.
637 723 825 759 anvuurrnsu
839 723 893 759 ruo
905 723 1036 759 uvrrsso
1048 722 1085 758 an
1097 722 1201 760 nasim
1215 724 1356 760 snosorsir
1369 722 1532 759 nrsrorsro.
1569 692 1637 764 351

357 883 504 956 ignominia
526 891 567 939 est
591 882 617 938 in
640 900 669 939 rc
693 883 764 957 turpi
787 882 947 956 obsequium
976 884 1142 944 (tellectum,
1171 881 1274 939 nullum
1296 883 1411 940 dedecus
1432 884 1580 958 profugere
1602 883 1643 939 vel

356 968 525 1024 dissimulare
547 970 579 1024 ad
603 977 724 1042 tempus,
753 968 775 1024 si
798 969 887 1024 denuo
910 968 1089 1043 pugnaverim
1116 976 1144 1024 et
1167 969 1233 1025 adeo
1255 985 1309 1024 nou
1331 968 1511 1042 cogitabimus
1533 968 1643 1025 hostilia

357 1054 384 1109 iu
408 1064 447 1115 te,
477 1063 507 1109 ut
535 1070 590 1109 uon
618 1054 730 1127 pudebit
752 1053 832 1110 etiam
855 1062 993 1110 recantare
1016 1053 1143 1127 quicquid
1167 1071 1284 1127 uuquam
1307 1054 1478 1109 commissum
1501 1062 1542 1109 est
1565 1054 1592 1110 iu
1615 1062 1642 1109 tc

355 1138 396 1194 rel
418 1138 556 1196 hostiliter
577 1138 618 1194 rel
641 1138 783 1212 probrose,
826 1137 927 1207 Quodsi
949 1148 1038 1194 autem
1063 1139 1089 1194 iu
1110 1138 1252 1213 proposito
1267 1138 1435 1212 perstiteris,
1457 1138 1555 1194 malum
1571 1139 1642 1194 malo

334 1223 558 1296 ratgtomoraus,
581 1241 615 1279 no
638 1241 688 1280 nos
710 1241 819 1298 quoquc
841 1224 1007 1279 cessabimus
1030 1222 1175 1280 reclamare
1196 1233 1224 1281 et
1246 1224 1325 1279 reniti
1348 1224 1376 1279 in
1399 1224 1492 1280 taciem
1517 1224 1578 1287 tihi,
1602 1224 1642 1279 ni·

355 1307 394 1363 hil
416 1309 493 1364 soriti
517 1327 605 1383 neque
628 1316 700 1364 tuam
722 1309 905 1384 eloquentiam
928 1326 1015 1383 neque
1039 1308 1204 1383 inaguiticam
1227 1308 1299 1364 illam
1321 1309 1391 1382 apud
1419 1307 1561 1383 pontifices
1588 1310 1642 1364 eri·

355 1394 536 1450 stimatiouem
560 1403 642 1450 turin.
687 1394 718 1449 Et
742 1402 767 1450 te
790 1394 896 1468 quidem
920 1394 1059 1450 audiemus
1080 1394 1341 1455 destomachantcru‚
1364 1394 1582 1456 rhetoricautcm.
1606 1393 1642 1450 ia·

354 1479 469 1535 cicutem
492 1478 625 1553 ampullas
648 1478 800 1541 verborum,
823 1478 898 1534 ultro
920 1480 1046 1553 citroque
1068 1479 1170 1536 amicos
1193 1479 1334 1537 iactantem
1357 1486 1385 1535 et
1406 1479 1558 1553 principum
1581 1496 1643 1552 gra·

356 1563 434 1624 tiam.
458 1563 595 1620 ludentem
617 1572 644 1619 ct
667 1564 850 1639 periocantem
873 1582 934 1622 curn
950 1564 1093 1638 scripturis
1109 1565 1222 1627 sanctis,
1245 1564 1375 1620 nitentem
1390 1564 1530 1620 contracto
1546 1563 1641 1621 baculo

322 1658 347 1699 ro
357 1649 489 1723 Aegypti,
513 1648 579 1704 nihil
602 1666 656 1704 non
678 1647 871 1705 calumniarum
893 1657 1079 1724 regerentem‚
1102 1649 1298 1706 suffulcientem
1322 1665 1414 1705 muros
1435 1649 1592 1724 Rabylonis,
1615 1658 1643 1706 et

354 1733 500 1807 collapsam
524 1752 581 1790 rein
604 1734 694 1790 llomm
718 1735 928 1796 instaurantem,
951 1734 1164 1809 triumphantem
1187 1736 1213 1790 iu
1235 1734 1361 1792 curribus
1376 1742 1404 1791 et
1420 1734 1446 1790 in
1461 1734 1548 1809 equis.
1592 1753 1643 1792 nos

356 1836 419 1876 vero
449 1820 476 1874 in
505 1819 612 1875 nonrine
641 1820 742 1876 almaini
770 1820 813 1876 dci
842 1820 929 1876 nostri
953 1820 1135 1876 invocabimus
1156 1819 1333 1894 dabimusque
1356 1836 1479 1895 operam.
1509 1827 1541 1876 ut
1563 1837 1642 1894 quam

355 1904 467 1960 maxime
490 1921 550 1960 vcra
573 1911 601 1960 el
621 1904 740 1960 dicamus
762 1915 789 1961 ct
811 1905 960 1961 scribamus
982 1904 1054 1978 (uam
1077 1923 1138 1961 vera
1161 1913 1188 1961 et
1207 1904 1319 1980 simplex
1334 1913 1376 1962 est
1391 1904 1512 1961 veritatis
1528 1903 1643 1978 cratini:

356 1990 421 2063 qum
444 1998 473 2045 ut
495 1989 760 2064 pseudoprophetam
783 1990 990 2065 prophetantem
1007 1990 1034 2045 iu
1049 1990 1110 2046 llaal
1132 1990 1239 2047 tametsi
1260 1989 1348 2046 verbis
1370 2006 1425 2046 nou
1446 1990 1513 2046 adeo
1535 1989 1644 2064 elegan-

322 2074 443 2137 rstibus.
468 2083 556 2131 tamen
572 2075 714 2148 scripturis
729 2075 830 2132 sanctis
845 2075 1018 2132 exturbemus
1039 2075 1072 2132 dc
1094 2076 1199 2131 eastris.
1243 2092 1331 2149 ireque
1353 2074 1467 2131 multum
1489 2075 1642 2132 curabimus

355 2170 485 2233 quautam
508 2177 558 2216 uos
579 2159 728 2233 gravabunt
756 2161 854 2216 invidia
882 2160 1004 2235 quidam,
1035 2169 1164 2235 quantum
1193 2159 1369 2217 subsannabit
1395 2160 1555 2217 curtisanica
1584 2161 1641 2223 laer.

354 2254 484 2318 quantum
512 2262 621 2319 spiraque
652 2252 682 2301 tu
705 2245 820 2301 tabulam
844 2263 894 2302 uos
918 2246 999 2301 lacios
1021 2254 1049 2301 et
1071 2245 1247 2320 opprobrium
1276 2254 1303 2302 et
1324 2246 1456 2302 canticum
1479 2253 1506 2302 ot
1528 2245 1643 2321 parabo·

355 2328 406 2385 lam
430 2330 488 2387 orbi
511 2338 538 2385 et
561 2330 679 2386 orriuium
702 2331 748 2404 qui
779 2348 832 2386 non
860 2330 960 2387 habeut
990 2330 1158 2405 signaculum
1186 2331 1261 2387 verbi
1288 2331 1419 2406 scriptum
1447 2331 1474 2386 in
1505 2331 1642 2387 trontihus

354 2432 464 2471 corum:
487 2416 534 2472 sed
556 2414 608 2471 hoc
630 2432 741 2488 agemus
763 2416 835 2490 quod
858 2433 908 2490 pro
931 2415 1022 2472 otllcio
1045 2424 1140 2473 nostro
1156 2416 1235 2473 nobis
1250 2416 1393 2479 incumbit.
1417 2424 1447 2474 ut
1469 2416 1583 2490 gloriam
1598 2416 1641 2473 dci

321 2501 443 2556 eunoun
460 2519 555 2575 puram
571 2508 597 2556 ot
614 2498 724 2556 illaesam
740 2518 884 2558 servemus.
917 2517 1008 2558 vans.

994 2635 1008 2668 t

973 2677 1025 2712 Η

552 2755 622 2830 Ερος
649 2754 714 2826 sum
750 2756 976 2813 hdutttvs
1013 2759 1177 2829 redemptor
1213 2765 1288 2827 tuus,

597 2844 682 2897 irrito
713 2843 827 2915 seriens
848 2840 933 2915 liguo
959 2845 1137 2908 diuinorum,
1171 2843 1344 2910 &homolus
1369 2846 1397 2899 in

593 2926 726 2999 furorem
756 2935 885 2994 uertens,
919 2936 1090 2984 corruerteus
1115 2928 1261 3001 sapientes
1289 2937 1398 2984 retror-

596 3010 675 3082 sum,
704 3013 730 3080 d
755 3010 903 3082 scientiam
922 3009 993 3069 coru
1012 3012 1129 3085 stultum
1150 3014 1280 3086 faciens,
1304 3012 1397 3084 frasci-

599 3107 664 3154 tuus
689 3099 805 3155 uerbum
837 3096 919 3168 serui
948 3096 1010 3168 sui,
1042 3098 1068 3166 d
1101 3098 1249 3170 consilium
1282 3102 1398 3156 rauraciu-

598 3202 662 3240 rum
683 3184 802 3254 litorum
824 3186 981 3256 coriphus,
1005 3182 1111 3254 Esaiae.
1129 3188 1216 3258 xliiij.

882 3796 999 3877 [Erasmi
1022 3753 1127 3872 capul]

565 4421 674 4479 Stultus
693 4422 792 4495 suctus
811 4421 855 4492 est
877 4426 966 4479 omnis
985 4425 1067 4480 bomo
1085 4424 1103 4480 (i
1123 4422 1252 4494 seientia.
1298 4424 1372 4482 lere.
1394 4443 1417 4482 ,τ

641 4509 760 4566 Verbum
784 4504 849 4563 arcte
870 4509 984 4565 Douriui
1005 4517 1100 4566 menet
1121 4513 1150 4565 in
1173 4518 1321 4567 aeteruum.

967 4626 1020 4662 *a

986 4669 1000 4702 ᾑ

348 4728 520 4737 ----
527 4729 549 4735 --

415 4812 433 4845 ¹¹
453 4813 553 4865 currib.
570 4816 593 4861 t.
642 4810 662 4845 ¹⁵
681 4810 774 4879 script.
790 4814 847 4862 t.2.
866 4812 979 4878 scriptis
993 4813 1019 4862 3.
1067 4811 1088 4845 ¹²
1106 4817 1296 4880 tuquoqucd.
1349 4813 1370 4848 ¹⁵
1383 4816 1428 4866 tex
1443 4819 1500 4868 1.2.
1552 4814 1573 4850 ²¹
1586 4817 1633 4868 Se·

348 4902 450 4965 quentia
467 4902 604 4949 omiserunt
622 4900 648 4948 2.
658 4900 683 4948 3.

795 5065 1155 5085 ⁴*
