<?xml version="1.0" encoding="UTF-8"?>
<!DOCTYPE html PUBLIC "-//W3C//DTD XHTML 1.0 Transitional//EN"
    "http://www.w3.org/TR/xhtml1/DTD/xhtml1-transitional.dtd">
<html xmlns="http://www.w3.org/1999/xhtml" xml:lang="en" lang="en">
 <head>
  <title>
</title>
<meta http-equiv="Content-Type" content="text/html;charset=utf-8" />
  <meta name='ocr-system' content='tesseract 3.04.00' />
  <meta name='ocr-capabilities' content='ocr_page ocr_carea ocr_par ocr_line ocrx_word'/>
</head>
<body>
  <div class='ocr_page' id='page_1' title='image "./ulrichihuttenie11huttgoog_0176.png"; bbox 0 0 3934 6034; ppageno 0'>
   <div class='ocr_carea' id='block_1_1' title="bbox 465 676 1581 749">
    <p class='ocr_par' dir='ltr' id='par_1_1' title="bbox 465 676 1581 749">
     <span class='ocr_line' id='line_1_1' title="bbox 465 676 1581 749; baseline -0.002 -6"><span class='ocrx_word' id='word_1_1' title='bbox 465 693 595 743; x_wconf 74' lang='lat' dir='ltr'>coemi.</span> <span class='ocrx_word' id='word_1_2' title='bbox 610 708 712 742; x_wconf 79' lang='lat' dir='ltr'>snnsnr</span> <span class='ocrx_word' id='word_1_3' title='bbox 728 707 789 741; x_wconf 80' lang='lat' dir='ltr'>rior.</span> <span class='ocrx_word' id='word_1_4' title='bbox 804 707 839 741; x_wconf 81' lang='lat' dir='ltr'>an</span> <span class='ocrx_word' id='word_1_5' title='bbox 853 706 965 741; x_wconf 83' lang='lat' dir='ltr'>nnncvn</span> <span class='ocrx_word' id='word_1_6' title='bbox 980 706 1124 741; x_wconf 65' lang='lat' dir='ltr'>ravennon</span> <span class='ocrx_word' id='word_1_7' title='bbox 1136 707 1178 741; x_wconf 73' lang='lat' dir='ltr'>rr.</span> <span class='ocrx_word' id='word_1_8' title='bbox 1193 708 1220 740; x_wconf 85' lang='lat' dir='ltr'>n.</span> <span class='ocrx_word' id='word_1_9' title='bbox 1235 700 1253 741; x_wconf 90' lang='lat' dir='ltr'>t.</span> <span class='ocrx_word' id='word_1_10' title='bbox 1268 706 1348 741; x_wconf 73' lang='lat' dir='ltr'>rann.</span> <span class='ocrx_word' id='word_1_11' title='bbox 1364 699 1420 741; x_wconf 73' lang='lat'><strong>1523.</strong></span> <span class='ocrx_word' id='word_1_12' title='bbox 1510 676 1581 749; x_wconf 78' lang='lat'>163</span> 
     </span>
    </p>
   </div>
   <div class='ocr_carea' id='block_1_2' title="bbox 257 865 1650 4515">
    <p class='ocr_par' dir='ltr' id='par_1_2' title="bbox 257 865 1650 4515">
     <span class='ocr_line' id='line_1_2' title="bbox 298 865 1649 940; baseline -0.001 -18"><span class='ocrx_word' id='word_1_13' title='bbox 298 868 456 924; x_wconf 88' lang='lat' dir='ltr'>testimonio</span> <span class='ocrx_word' id='word_1_14' title='bbox 486 886 552 923; x_wconf 77' lang='lat' dir='ltr'>meae</span> <span class='ocrx_word' id='word_1_15' title='bbox 579 866 780 922; x_wconf 69' lang='lat' dir='ltr'>lucubrationes</span> <span class='ocrx_word' id='word_1_16' title='bbox 808 865 980 920; x_wconf 81' lang='lat' dir='ltr'>veliementer</span> <span class='ocrx_word' id='word_1_17' title='bbox 1002 866 1098 921; x_wconf 76' lang='lat' dir='ltr'>Caesari</span> <span class='ocrx_word' id='word_1_18' title='bbox 1125 866 1318 922; x_wconf 75' lang='lat' dir='ltr'>commendate</span> <span class='ocrx_word' id='word_1_19' title='bbox 1340 874 1411 921; x_wconf 90' lang='lat' dir='ltr'>sunt.</span> <span class='ocrx_word' id='word_1_20' title='bbox 1457 868 1582 940; x_wconf 90' lang='lat' dir='ltr'>protinus</span> <span class='ocrx_word' id='word_1_21' title='bbox 1592 876 1649 926; x_wconf 77' lang='lat' dir='ltr'>§.aa</span> 
     </span>
     <span class='ocr_line' id='line_1_3' title="bbox 297 950 1581 1026; baseline 0.005 -20"><span class='ocrx_word' id='word_1_22' title='bbox 297 954 408 1026; x_wconf 88' lang='lat' dir='ltr'>agnovit</span> <span class='ocrx_word' id='word_1_23' title='bbox 431 953 519 1009; x_wconf 79' lang='lat' dir='ltr'>ssaesar</span> <span class='ocrx_word' id='word_1_24' title='bbox 540 952 677 1007; x_wconf 85' lang='lat' dir='ltr'>Erasruum</span> <span class='ocrx_word' id='word_1_25' title='bbox 706 950 750 1025; x_wconf 77' lang='lat' dir='ltr'>oni</span> <span class='ocrx_word' id='word_1_26' title='bbox 779 951 912 1023; x_wconf 84' lang='lat' dir='ltr'>querulam</span> <span class='ocrx_word' id='word_1_27' title='bbox 941 951 1012 1024; x_wconf 88' lang='lat' dir='ltr'>patri</span> <span class='ocrx_word' id='word_1_28' title='bbox 1038 950 1162 1023; x_wconf 83' lang='lat' dir='ltr'>Philippo</span> <span class='ocrx_word' id='word_1_29' title='bbox 1192 952 1357 1024; x_wconf 73' lang='lat' dir='ltr'>porrexisset</span> <span class='ocrx_word' id='word_1_30' title='bbox 1378 952 1581 1025; x_wconf 74' lang='lat' dir='ltr'>Panegyricum.</span> 
     </span>
     <span class='ocr_line' id='line_1_4' title="bbox 299 1035 1583 1111; baseline -0.002 -19"><span class='ocrx_word' id='word_1_31' title='bbox 299 1038 350 1111; x_wconf 90' lang='lat' dir='ltr'>ipsi</span> <span class='ocrx_word' id='word_1_32' title='bbox 374 1039 476 1111; x_wconf 89' lang='lat' dir='ltr'>pridem</span> <span class='ocrx_word' id='word_1_33' title='bbox 501 1037 597 1093; x_wconf 90' lang='lat' dir='ltr'>librum</span> <span class='ocrx_word' id='word_1_34' title='bbox 617 1038 650 1092; x_wconf 85' lang='lat' dir='ltr'>tn</span> <span class='ocrx_word' id='word_1_35' title='bbox 671 1036 792 1109; x_wconf 75' lang='lat' dir='ltr'>principe</span> <span class='ocrx_word' id='word_1_36' title='bbox 813 1036 981 1097; x_wconf 78' lang='lat' dir='ltr'>tlliristiauo;</span> <span class='ocrx_word' id='word_1_37' title='bbox 1015 1054 1045 1089; x_wconf 90' lang='lat' dir='ltr'>ac</span> <span class='ocrx_word' id='word_1_38' title='bbox 1067 1052 1164 1092; x_wconf 89' lang='lat' dir='ltr'>munus</span> <span class='ocrx_word' id='word_1_39' title='bbox 1188 1035 1237 1090; x_wconf 89' lang='lat' dir='ltr'>sibi</span> <span class='ocrx_word' id='word_1_40' title='bbox 1261 1047 1367 1109; x_wconf 89' lang='lat' dir='ltr'>gratnm</span> <span class='ocrx_word' id='word_1_41' title='bbox 1391 1037 1475 1092; x_wconf 90' lang='lat' dir='ltr'>luisse</span> <span class='ocrx_word' id='word_1_42' title='bbox 1497 1037 1583 1093; x_wconf 88' lang='lat' dir='ltr'>literis</span> 
     </span>
     <span class='ocr_line' id='line_1_5' title="bbox 298 1120 1582 1194; baseline 0 -17"><span class='ocrx_word' id='word_1_43' title='bbox 298 1123 378 1178; x_wconf 89' lang='lat' dir='ltr'>etiam</span> <span class='ocrx_word' id='word_1_44' title='bbox 406 1140 460 1179; x_wconf 91' lang='lat' dir='ltr'>uon</span> <span class='ocrx_word' id='word_1_45' title='bbox 491 1124 578 1178; x_wconf 88' lang='lat' dir='ltr'>nrinns</span> <span class='ocrx_word' id='word_1_46' title='bbox 607 1130 728 1177; x_wconf 88' lang='lat' dir='ltr'>amanter</span> <span class='ocrx_word' id='word_1_47' title='bbox 756 1138 835 1193; x_wconf 85' lang='lat' dir='ltr'>qtram</span> <span class='ocrx_word' id='word_1_48' title='bbox 864 1120 1011 1175; x_wconf 67' lang='lat' dir='ltr'>nonen-inec</span> <span class='ocrx_word' id='word_1_49' title='bbox 1041 1120 1149 1194; x_wconf 89' lang='lat' dir='ltr'>scriptis</span> <span class='ocrx_word' id='word_1_50' title='bbox 1173 1129 1287 1177; x_wconf 87' lang='lat' dir='ltr'>testatus</span> <span class='ocrx_word' id='word_1_51' title='bbox 1309 1130 1359 1177; x_wconf 86' lang='lat' dir='ltr'>est.</span> <span class='ocrx_word' id='word_1_52' title='bbox 1404 1123 1496 1177; x_wconf 84' lang='lat' dir='ltr'>testati</span> <span class='ocrx_word' id='word_1_53' title='bbox 1520 1131 1582 1177; x_wconf 91' lang='lat' dir='ltr'>sunt</span> 
     </span>
     <span class='ocr_line' id='line_1_6' title="bbox 274 1205 1582 1281; baseline 0.008 -24"><span class='ocrx_word' id='word_1_54' title='bbox 274 1208 368 1262; x_wconf 80' lang='lat' dir='ltr'>sidem</span> <span class='ocrx_word' id='word_1_55' title='bbox 400 1208 485 1264; x_wconf 90' lang='lat' dir='ltr'>literis</span> <span class='ocrx_word' id='word_1_56' title='bbox 514 1209 570 1264; x_wconf 90' lang='lat' dir='ltr'>suis</span> <span class='ocrx_word' id='word_1_57' title='bbox 592 1206 783 1263; x_wconf 84' lang='lat' dir='ltr'>humanissime</span> <span class='ocrx_word' id='word_1_58' title='bbox 806 1206 915 1278; x_wconf 88' lang='lat' dir='ltr'>scriptis</span> <span class='ocrx_word' id='word_1_59' title='bbox 944 1223 1026 1278; x_wconf 77' lang='lat' dir='ltr'>ipunin</span> <span class='ocrx_word' id='word_1_60' title='bbox 1053 1205 1099 1261; x_wconf 91' lang='lat' dir='ltr'>alii</span> <span class='ocrx_word' id='word_1_61' title='bbox 1124 1205 1278 1279; x_wconf 78' lang='lat' dir='ltr'>complures</span> <span class='ocrx_word' id='word_1_62' title='bbox 1300 1215 1357 1262; x_wconf 89' lang='lat' dir='ltr'>tum</span> <span class='ocrx_word' id='word_1_63' title='bbox 1379 1208 1437 1280; x_wconf 92' lang='lat' dir='ltr'>ipse</span> <span class='ocrx_word' id='word_1_64' title='bbox 1460 1206 1582 1281; x_wconf 79' lang='lat' dir='ltr'>lilapion.</span> 
     </span>
     <span class='ocr_line' id='line_1_7' title="bbox 296 1290 1582 1366; baseline 0.001 -19"><span class='ocrx_word' id='word_1_65' title='bbox 296 1293 326 1347; x_wconf 80' lang='lat' dir='ltr'>N.</span> <span class='ocrx_word' id='word_1_66' title='bbox 355 1294 500 1366; x_wconf 88' lang='lat' dir='ltr'>episcopus</span> <span class='ocrx_word' id='word_1_67' title='bbox 522 1293 691 1354; x_wconf 72' lang='lat' dir='ltr'>l&#39;alentinns,</span> <span class='ocrx_word' id='word_1_68' title='bbox 720 1291 886 1345; x_wconf 87' lang='lat' dir='ltr'>blerenrinns</span> <span class='ocrx_word' id='word_1_69' title='bbox 908 1290 1098 1352; x_wconf 89' lang='lat' dir='ltr'>cancellarius,</span> <span class='ocrx_word' id='word_1_70' title='bbox 1129 1291 1262 1363; x_wconf 74' lang='lat' dir='ltr'>Georgius</span> <span class='ocrx_word' id='word_1_71' title='bbox 1285 1291 1428 1353; x_wconf 78' lang='lat' dir='ltr'>dolemus,</span> <span class='ocrx_word' id='word_1_72' title='bbox 1452 1293 1480 1347; x_wconf 87' lang='lat' dir='ltr'>n.</span> <span class='ocrx_word' id='word_1_73' title='bbox 1497 1293 1524 1348; x_wconf 85' lang='grc' dir='ltr'>Ρ.</span> <span class='ocrx_word' id='word_1_74' title='bbox 1542 1293 1582 1349; x_wconf 85' lang='grc' dir='ltr'>Ιο-</span> 
     </span>
     <span class='ocr_line' id='line_1_8' title="bbox 296 1376 1581 1450; baseline 0 -18"><span class='ocrx_word' id='word_1_75' title='bbox 296 1395 379 1433; x_wconf 86' lang='lat' dir='ltr'>annes</span> <span class='ocrx_word' id='word_1_76' title='bbox 402 1377 589 1433; x_wconf 75' lang='lat' dir='ltr'>tlaroudiletus</span> <span class='ocrx_word' id='word_1_77' title='bbox 611 1377 831 1450; x_wconf 89' lang='lat' dir='ltr'>arcbiepiseopns</span> <span class='ocrx_word' id='word_1_78' title='bbox 854 1376 1074 1435; x_wconf 83' lang='lat' dir='ltr'>Panormitarrns.</span> <span class='ocrx_word' id='word_1_79' title='bbox 1104 1377 1238 1432; x_wconf 76' lang='lat' dir='ltr'>Antonius</span> <span class='ocrx_word' id='word_1_80' title='bbox 1261 1376 1377 1432; x_wconf 85' lang='lat' dir='ltr'>Suketns</span> <span class='ocrx_word' id='word_1_81' title='bbox 1402 1378 1473 1432; x_wconf 90' lang='lat' dir='ltr'>inter</span> <span class='ocrx_word' id='word_1_82' title='bbox 1493 1378 1581 1433; x_wconf 90' lang='lat' dir='ltr'>consi·</span> 
     </span>
     <span class='ocr_line' id='line_1_9' title="bbox 297 1460 1579 1536; baseline 0 -20"><span class='ocrx_word' id='word_1_83' title='bbox 297 1462 389 1517; x_wconf 86' lang='lat' dir='ltr'>liarios</span> <span class='ocrx_word' id='word_1_84' title='bbox 425 1463 580 1518; x_wconf 70' lang='lat' dir='ltr'>autoritatis</span> <span class='ocrx_word' id='word_1_85' title='bbox 613 1464 768 1536; x_wconf 68' lang='lat' dir='ltr'>praecipuae.</span> <span class='ocrx_word' id='word_1_86' title='bbox 807 1460 999 1515; x_wconf 85' lang='lat' dir='ltr'>blaxirniliauus</span> <span class='ocrx_word' id='word_1_87' title='bbox 1034 1461 1105 1517; x_wconf 91' lang='lat' dir='ltr'>inter</span> <span class='ocrx_word' id='word_1_88' title='bbox 1140 1463 1302 1517; x_wconf 74' lang='lat' dir='ltr'>secretarios</span> <span class='ocrx_word' id='word_1_89' title='bbox 1338 1462 1416 1535; x_wconf 90' lang='lat' dir='ltr'>primi</span> <span class='ocrx_word' id='word_1_90' title='bbox 1454 1463 1579 1518; x_wconf 85' lang='lat' dir='ltr'>norniuis.</span> 
     </span>
     <span class='ocr_line' id='line_1_10' title="bbox 296 1545 1650 1621; baseline 0.002 -19"><span class='ocrx_word' id='word_1_91' title='bbox 296 1547 383 1614; x_wconf 76' lang='lat' dir='ltr'>Quum</span> <span class='ocrx_word' id='word_1_92' title='bbox 406 1547 543 1621; x_wconf 79' lang='lat' dir='ltr'>plerisque</span> <span class='ocrx_word' id='word_1_93' title='bbox 566 1549 711 1621; x_wconf 87' lang='lat' dir='ltr'>pensiones</span> <span class='ocrx_word' id='word_1_94' title='bbox 734 1546 772 1601; x_wconf 85' lang='lat' dir='ltr'>rel</span> <span class='ocrx_word' id='word_1_95' title='bbox 797 1545 978 1600; x_wconf 89' lang='lat' dir='ltr'>adimerentur</span> <span class='ocrx_word' id='word_1_96' title='bbox 1001 1547 1041 1600; x_wconf 85' lang='lat' dir='ltr'>rel</span> <span class='ocrx_word' id='word_1_97' title='bbox 1063 1547 1284 1606; x_wconf 88' lang='lat' dir='ltr'>decurtarentnr.</span> <span class='ocrx_word' id='word_1_98' title='bbox 1308 1547 1371 1601; x_wconf 87' lang='lat' dir='ltr'>inibi</span> <span class='ocrx_word' id='word_1_99' title='bbox 1388 1546 1501 1621; x_wconf 79' lang='lat' dir='ltr'>polliciti</span> <span class='ocrx_word' id='word_1_100' title='bbox 1518 1556 1580 1602; x_wconf 91' lang='lat' dir='ltr'>sunt</span> <span class='ocrx_word' id='word_1_101' title='bbox 1594 1560 1650 1610; x_wconf 79' lang='lat' dir='ltr'>§.at</span> 
     </span>
     <span class='ocr_line' id='line_1_11' title="bbox 264 1630 1583 1693; baseline 0 -6"><span class='ocrx_word' id='word_1_102' title='bbox 264 1642 289 1681; x_wconf 83' lang='lat'>¹0</span> <span class='ocrx_word' id='word_1_103' title='bbox 300 1651 384 1688; x_wconf 87' lang='lat' dir='ltr'>meam</span> <span class='ocrx_word' id='word_1_104' title='bbox 409 1633 568 1688; x_wconf 89' lang='lat' dir='ltr'>ineolumem</span> <span class='ocrx_word' id='word_1_105' title='bbox 591 1652 621 1688; x_wconf 90' lang='lat' dir='ltr'>ac</span> <span class='ocrx_word' id='word_1_106' title='bbox 644 1632 758 1687; x_wconf 87' lang='lat' dir='ltr'>solidam</span> <span class='ocrx_word' id='word_1_107' title='bbox 782 1632 913 1693; x_wconf 86' lang='lat' dir='ltr'>loturam,</span> <span class='ocrx_word' id='word_1_108' title='bbox 944 1630 1068 1686; x_wconf 91' lang='lat' dir='ltr'>iubentes</span> <span class='ocrx_word' id='word_1_109' title='bbox 1083 1640 1114 1687; x_wconf 87' lang='lat' dir='ltr'>ut</span> <span class='ocrx_word' id='word_1_110' title='bbox 1135 1632 1235 1688; x_wconf 86' lang='lat' dir='ltr'>maiora</span> <span class='ocrx_word' id='word_1_111' title='bbox 1266 1632 1346 1687; x_wconf 88' lang='lat' dir='ltr'>etiarn</span> <span class='ocrx_word' id='word_1_112' title='bbox 1369 1650 1383 1688; x_wconf 92' lang='lat' dir='ltr'>a</span> <span class='ocrx_word' id='word_1_113' title='bbox 1405 1633 1516 1687; x_wconf 69' lang='lat' dir='ltr'>tlaesaris</span> <span class='ocrx_word' id='word_1_114' title='bbox 1539 1632 1583 1687; x_wconf 92' lang='lat' dir='ltr'>be·</span> 
     </span>
     <span class='ocr_line' id='line_1_12' title="bbox 296 1705 1582 1791; baseline 0.001 -19"><span class='ocrx_word' id='word_1_115' title='bbox 296 1718 429 1789; x_wconf 87' lang='lat' dir='ltr'>nignitate</span> <span class='ocrx_word' id='word_1_116' title='bbox 453 1736 590 1791; x_wconf 83' lang='lat' dir='ltr'>sperarem</span> <span class='ocrx_word' id='word_1_117' title='bbox 612 1718 638 1772; x_wconf 91' lang='lat' dir='ltr'>in</span> <span class='ocrx_word' id='word_1_118' title='bbox 653 1705 811 1790; x_wconf 85' lang='lat' dir='ltr'>posterum.</span> <span class='ocrx_word' id='word_1_119' title='bbox 856 1715 924 1783; x_wconf 80' lang='lat' dir='ltr'>Quin</span> <span class='ocrx_word' id='word_1_120' title='bbox 951 1717 1009 1790; x_wconf 89' lang='lat' dir='ltr'>ipse</span> <span class='ocrx_word' id='word_1_121' title='bbox 1032 1718 1120 1772; x_wconf 77' lang='lat' dir='ltr'>tlaesar</span> <span class='ocrx_word' id='word_1_122' title='bbox 1147 1716 1228 1790; x_wconf 89' lang='lat' dir='ltr'>paulu</span> <span class='ocrx_word' id='word_1_123' title='bbox 1258 1727 1321 1790; x_wconf 88' lang='lat' dir='ltr'>post</span> <span class='ocrx_word' id='word_1_124' title='bbox 1347 1735 1407 1773; x_wconf 90' lang='lat' dir='ltr'>cum</span> <span class='ocrx_word' id='word_1_125' title='bbox 1435 1718 1582 1789; x_wconf 63' lang='lat' dir='ltr'>anglorum</span> 
     </span>
     <span class='ocr_line' id='line_1_13' title="bbox 296 1801 1583 1875; baseline -0.001 -18"><span class='ocrx_word' id='word_1_126' title='bbox 296 1821 362 1874; x_wconf 84' lang='lat' dir='ltr'>rege</span> <span class='ocrx_word' id='word_1_127' title='bbox 384 1803 533 1859; x_wconf 80' lang='lat' dir='ltr'>convivium</span> <span class='ocrx_word' id='word_1_128' title='bbox 557 1804 662 1875; x_wconf 87' lang='lat' dir='ltr'>agitans</span> <span class='ocrx_word' id='word_1_129' title='bbox 685 1802 758 1856; x_wconf 90' lang='lat' dir='ltr'>ultro</span> <span class='ocrx_word' id='word_1_130' title='bbox 788 1802 850 1856; x_wconf 87' lang='lat' dir='ltr'>lecit</span> <span class='ocrx_word' id='word_1_131' title='bbox 873 1801 1048 1856; x_wconf 87' lang='lat' dir='ltr'>bonorilleam</span> <span class='ocrx_word' id='word_1_132' title='bbox 1071 1802 1130 1857; x_wconf 89' lang='lat' dir='ltr'>mei.</span> <span class='ocrx_word' id='word_1_133' title='bbox 1145 1802 1323 1864; x_wconf 86' lang='lat' dir='ltr'>mentionem.</span> <span class='ocrx_word' id='word_1_134' title='bbox 1357 1803 1423 1858; x_wconf 89' lang='lat' dir='ltr'>satis</span> <span class='ocrx_word' id='word_1_135' title='bbox 1444 1802 1583 1858; x_wconf 89' lang='lat' dir='ltr'>declarans</span> 
     </span>
     <span class='ocr_line' id='line_1_14' title="bbox 297 1886 1579 1961; baseline -0.002 -19"><span class='ocrx_word' id='word_1_136' title='bbox 297 1906 352 1961; x_wconf 79' lang='lat' dir='ltr'>qno</span> <span class='ocrx_word' id='word_1_137' title='bbox 375 1896 447 1943; x_wconf 88' lang='lat' dir='ltr'>esset</span> <span class='ocrx_word' id='word_1_138' title='bbox 471 1889 495 1943; x_wconf 92' lang='lat' dir='ltr'>in</span> <span class='ocrx_word' id='word_1_139' title='bbox 520 1907 561 1943; x_wconf 83' lang='lat' dir='ltr'>rire</span> <span class='ocrx_word' id='word_1_140' title='bbox 584 1888 686 1942; x_wconf 90' lang='lat' dir='ltr'>animo:</span> <span class='ocrx_word' id='word_1_141' title='bbox 721 1887 746 1941; x_wconf 96' lang='lat' dir='ltr'>id</span> <span class='ocrx_word' id='word_1_142' title='bbox 768 1895 844 1943; x_wconf 90' lang='lat' dir='ltr'>certo</span> <span class='ocrx_word' id='word_1_143' title='bbox 866 1887 1006 1958; x_wconf 84' lang='lat' dir='ltr'>cognitum</span> <span class='ocrx_word' id='word_1_144' title='bbox 1029 1886 1114 1943; x_wconf 89' lang='lat' dir='ltr'>babeo</span> <span class='ocrx_word' id='word_1_145' title='bbox 1137 1904 1169 1942; x_wconf 81' lang='lat' dir='ltr'>ex</span> <span class='ocrx_word' id='word_1_146' title='bbox 1191 1888 1233 1942; x_wconf 89' lang='lat' dir='ltr'>bis</span> <span class='ocrx_word' id='word_1_147' title='bbox 1256 1888 1301 1959; x_wconf 85' lang='lat' dir='ltr'>qni</span> <span class='ocrx_word' id='word_1_148' title='bbox 1317 1905 1416 1943; x_wconf 80' lang='lat' dir='ltr'>niensae</span> <span class='ocrx_word' id='word_1_149' title='bbox 1431 1888 1579 1943; x_wconf 85' lang='lat' dir='ltr'>adstnlunt.</span> 
     </span>
     <span class='ocr_line' id='line_1_15' title="bbox 298 1958 1650 2046; baseline 0.001 -19"><span class='ocrx_word' id='word_1_150' title='bbox 298 1974 359 2028; x_wconf 80' lang='lat' dir='ltr'>Scio</span> <span class='ocrx_word' id='word_1_151' title='bbox 383 1973 547 2028; x_wconf 91' lang='lat' dir='ltr'>iamdudum</span> <span class='ocrx_word' id='word_1_152' title='bbox 571 1973 642 2027; x_wconf 88' lang='lat' dir='ltr'>rides</span> <span class='ocrx_word' id='word_1_153' title='bbox 664 1958 873 2044; x_wconf 77' lang='grc' dir='ltr'><em>θρασωνισμὸν</em></span> <span class='ocrx_word' id='word_1_154' title='bbox 895 1989 996 2030; x_wconf 72' lang='lat' dir='ltr'>natium.</span> <span class='ocrx_word' id='word_1_155' title='bbox 1021 1972 1066 2027; x_wconf 90' lang='lat' dir='ltr'>sed</span> <span class='ocrx_word' id='word_1_156' title='bbox 1083 1972 1134 2027; x_wconf 85' lang='lat' dir='ltr'>linc</span> <span class='ocrx_word' id='word_1_157' title='bbox 1147 1990 1188 2028; x_wconf 94' lang='lat' dir='ltr'>me</span> <span class='ocrx_word' id='word_1_158' title='bbox 1203 1972 1342 2046; x_wconf 84' lang='lat' dir='ltr'>compellit</span> <span class='ocrx_word' id='word_1_159' title='bbox 1356 1973 1581 2046; x_wconf 80' lang='lat' dir='ltr'>sycophantarum</span> <span class='ocrx_word' id='word_1_160' title='bbox 1592 1980 1650 2028; x_wconf 73' lang='lat' dir='ltr'>§.ea</span> 
     </span>
     <span class='ocr_line' id='line_1_16' title="bbox 261 2056 1583 2131; baseline 0.002 -22"><span class='ocrx_word' id='word_1_161' title='bbox 261 2058 476 2131; x_wconf 74' lang='lat' dir='ltr'>iattnputtenua:</span> <span class='ocrx_word' id='word_1_162' title='bbox 506 2067 533 2113; x_wconf 91' lang='lat' dir='ltr'>et</span> <span class='ocrx_word' id='word_1_163' title='bbox 556 2067 644 2112; x_wconf 86' lang='lat' dir='ltr'>tamen</span> <span class='ocrx_word' id='word_1_164' title='bbox 667 2056 805 2130; x_wconf 86' lang='lat' dir='ltr'>aliquanto</span> <span class='ocrx_word' id='word_1_165' title='bbox 829 2057 916 2112; x_wconf 89' lang='lat' dir='ltr'>minus</span> <span class='ocrx_word' id='word_1_166' title='bbox 938 2073 1020 2111; x_wconf 90' lang='lat' dir='ltr'>narro</span> <span class='ocrx_word' id='word_1_167' title='bbox 1049 2074 1127 2130; x_wconf 89' lang='lat' dir='ltr'>qnam</span> <span class='ocrx_word' id='word_1_168' title='bbox 1150 2075 1194 2113; x_wconf 89' lang='lat' dir='ltr'>res</span> <span class='ocrx_word' id='word_1_169' title='bbox 1217 2057 1310 2118; x_wconf 86' lang='lat' dir='ltr'>babet,</span> <span class='ocrx_word' id='word_1_170' title='bbox 1334 2066 1437 2114; x_wconf 86' lang='lat' dir='ltr'>tanturn</span> <span class='ocrx_word' id='word_1_171' title='bbox 1457 2058 1533 2112; x_wconf 90' lang='lat' dir='ltr'>abest</span> <span class='ocrx_word' id='word_1_172' title='bbox 1554 2067 1583 2112; x_wconf 93' lang='lat' dir='ltr'>nt</span> 
     </span>
     <span class='ocr_line' id='line_1_17' title="bbox 296 2142 1583 2216; baseline 0 -20"><span class='ocrx_word' id='word_1_173' title='bbox 296 2143 439 2216; x_wconf 81' lang='lat' dir='ltr'>rpticqnam</span> <span class='ocrx_word' id='word_1_174' title='bbox 468 2142 631 2198; x_wconf 85' lang='lat' dir='ltr'>adruentiar:</span> <span class='ocrx_word' id='word_1_175' title='bbox 666 2160 725 2197; x_wconf 85' lang='lat' dir='ltr'>narn</span> <span class='ocrx_word' id='word_1_176' title='bbox 748 2159 796 2197; x_wconf 90' lang='lat' dir='ltr'>nee</span> <span class='ocrx_word' id='word_1_177' title='bbox 820 2150 846 2197; x_wconf 90' lang='lat' dir='ltr'>te</span> <span class='ocrx_word' id='word_1_178' title='bbox 869 2142 963 2213; x_wconf 81' lang='lat' dir='ltr'>lugere</span> <span class='ocrx_word' id='word_1_179' title='bbox 986 2151 1068 2214; x_wconf 88' lang='lat' dir='ltr'>puto.</span> <span class='ocrx_word' id='word_1_180' title='bbox 1097 2160 1175 2215; x_wconf 78' lang='lat' dir='ltr'>‹pnam</span> <span class='ocrx_word' id='word_1_181' title='bbox 1199 2159 1252 2198; x_wconf 91' lang='lat' dir='ltr'>non</span> <span class='ocrx_word' id='word_1_182' title='bbox 1275 2143 1326 2198; x_wconf 90' lang='lat' dir='ltr'>sim</span> <span class='ocrx_word' id='word_1_183' title='bbox 1348 2143 1501 2198; x_wconf 87' lang='lat' dir='ltr'>lutinsmodi</span> <span class='ocrx_word' id='word_1_184' title='bbox 1523 2143 1583 2216; x_wconf 90' lang='lat' dir='ltr'>glo·</span> 
     </span>
     <span class='ocr_line' id='line_1_18' title="bbox 296 2226 1582 2302; baseline 0 -20"><span class='ocrx_word' id='word_1_185' title='bbox 296 2228 425 2284; x_wconf 88' lang='lat' dir='ltr'>riularnru</span> <span class='ocrx_word' id='word_1_186' title='bbox 448 2236 586 2302; x_wconf 74' lang='lat' dir='ltr'>appcmns</span> <span class='ocrx_word' id='word_1_187' title='bbox 632 2228 729 2282; x_wconf 84' lang='lat' dir='ltr'>Verum</span> <span class='ocrx_word' id='word_1_188' title='bbox 752 2227 817 2282; x_wconf 91' lang='lat' dir='ltr'>illnd</span> <span class='ocrx_word' id='word_1_189' title='bbox 841 2227 948 2282; x_wconf 89' lang='lat' dir='ltr'>iuterim</span> <span class='ocrx_word' id='word_1_190' title='bbox 971 2226 1183 2289; x_wconf 86' lang='lat' dir='ltr'>calumniantur.</span> <span class='ocrx_word' id='word_1_191' title='bbox 1213 2229 1283 2300; x_wconf 82' lang='lat' dir='ltr'>quod</span> <span class='ocrx_word' id='word_1_192' title='bbox 1313 2236 1365 2283; x_wconf 84' lang='lat' dir='ltr'>tant</span> <span class='ocrx_word' id='word_1_193' title='bbox 1388 2228 1434 2284; x_wconf 94' lang='lat' dir='ltr'>din</span> <span class='ocrx_word' id='word_1_194' title='bbox 1457 2228 1582 2283; x_wconf 85' lang='lat' dir='ltr'>lncserirn</span> 
     </span>
     <span class='ocr_line' id='line_1_19' title="bbox 297 2311 1581 2387; baseline -0.001 -19"><span class='ocrx_word' id='word_1_195' title='bbox 297 2313 418 2373; x_wconf 78' lang='lat' dir='ltr'>basileae,</span> <span class='ocrx_word' id='word_1_196' title='bbox 442 2314 513 2387; x_wconf 84' lang='lat' dir='ltr'>quod</span> <span class='ocrx_word' id='word_1_197' title='bbox 537 2322 598 2368; x_wconf 89' lang='lat' dir='ltr'>ante</span> <span class='ocrx_word' id='word_1_198' title='bbox 614 2313 726 2368; x_wconf 80' lang='lat' dir='ltr'>Caesaris</span> <span class='ocrx_word' id='word_1_199' title='bbox 749 2312 850 2368; x_wconf 86' lang='lat' dir='ltr'>abitmn</span> <span class='ocrx_word' id='word_1_200' title='bbox 873 2329 926 2366; x_wconf 93' lang='lat' dir='ltr'>non</span> <span class='ocrx_word' id='word_1_201' title='bbox 950 2311 1094 2373; x_wconf 80' lang='lat' dir='ltr'>atllnerim,</span> <span class='ocrx_word' id='word_1_202' title='bbox 1119 2312 1264 2386; x_wconf 87' lang='lat' dir='ltr'>qnarnlibet</span> <span class='ocrx_word' id='word_1_203' title='bbox 1286 2313 1412 2369; x_wconf 84' lang='lat' dir='ltr'>inritatus</span> <span class='ocrx_word' id='word_1_204' title='bbox 1434 2313 1581 2369; x_wconf 89' lang='lat' dir='ltr'>amirormn</span> 
     </span>
     <span class='ocr_line' id='line_1_20' title="bbox 296 2396 1582 2471; baseline -0.001 -18"><span class='ocrx_word' id='word_1_205' title='bbox 296 2398 391 2453; x_wconf 90' lang='lat' dir='ltr'>literis.</span> <span class='ocrx_word' id='word_1_206' title='bbox 437 2398 484 2453; x_wconf 91' lang='lat' dir='ltr'>llic</span> <span class='ocrx_word' id='word_1_207' title='bbox 499 2398 593 2453; x_wconf 84' lang='lat' dir='ltr'>vellem</span> <span class='ocrx_word' id='word_1_208' title='bbox 617 2399 754 2471; x_wconf 80' lang='lat' dir='ltr'>equidem,</span> <span class='ocrx_word' id='word_1_209' title='bbox 778 2397 948 2453; x_wconf 89' lang='lat' dir='ltr'>ornatissime</span> <span class='ocrx_word' id='word_1_210' title='bbox 963 2396 1064 2458; x_wconf 80' lang='lat' dir='ltr'>blance,</span> <span class='ocrx_word' id='word_1_211' title='bbox 1088 2400 1152 2454; x_wconf 87' lang='lat' dir='ltr'>mibi</span> <span class='ocrx_word' id='word_1_212' title='bbox 1172 2415 1278 2453; x_wconf 86' lang='lat' dir='ltr'>eausam</span> <span class='ocrx_word' id='word_1_213' title='bbox 1300 2417 1359 2453; x_wconf 89' lang='lat' dir='ltr'>esse</span> <span class='ocrx_word' id='word_1_214' title='bbox 1382 2398 1469 2454; x_wconf 74' lang='lat' dir='ltr'>lintius</span> <span class='ocrx_word' id='word_1_215' title='bbox 1486 2399 1582 2453; x_wconf 87' lang='lat' dir='ltr'>iustum</span> 
     </span>
     <span class='ocr_line' id='line_1_21' title="bbox 258 2482 1581 2558; baseline 0.001 -21"><span class='ocrx_word' id='word_1_216' title='bbox 258 2491 446 2556; x_wconf 76' lang='lat' dir='ltr'>²⁰tptantest:</span> <span class='ocrx_word' id='word_1_217' title='bbox 475 2483 690 2558; x_wconf 77' lang='lat' dir='ltr'>apndCaesarem</span> <span class='ocrx_word' id='word_1_218' title='bbox 713 2482 780 2537; x_wconf 89' lang='lat' dir='ltr'>nibil</span> <span class='ocrx_word' id='word_1_219' title='bbox 803 2483 934 2556; x_wconf 79' lang='lat' dir='ltr'>agebatur</span> <span class='ocrx_word' id='word_1_220' title='bbox 955 2482 1008 2537; x_wconf 90' lang='lat' dir='ltr'>uisi</span> <span class='ocrx_word' id='word_1_221' title='bbox 1029 2482 1062 2537; x_wconf 91' lang='lat' dir='ltr'>de</span> <span class='ocrx_word' id='word_1_222' title='bbox 1085 2483 1192 2539; x_wconf 80' lang='lat' dir='ltr'>fortuna</span> <span class='ocrx_word' id='word_1_223' title='bbox 1216 2483 1256 2538; x_wconf 84' lang='lat' dir='ltr'>sel</span> <span class='ocrx_word' id='word_1_224' title='bbox 1284 2482 1494 2539; x_wconf 86' lang='lat' dir='ltr'>constabilienda</span> <span class='ocrx_word' id='word_1_225' title='bbox 1522 2500 1581 2556; x_wconf 78' lang='lat' dir='ltr'>‹pnm</span> 
     </span>
     <span class='ocr_line' id='line_1_22' title="bbox 294 2566 1581 2641; baseline 0.001 -19"><span class='ocrx_word' id='word_1_226' title='bbox 294 2570 461 2641; x_wconf 69' lang='lat' dir='ltr'>corruperat,</span> <span class='ocrx_word' id='word_1_227' title='bbox 491 2568 531 2623; x_wconf 89' lang='lat' dir='ltr'>rel</span> <span class='ocrx_word' id='word_1_228' title='bbox 560 2569 696 2641; x_wconf 86' lang='lat' dir='ltr'>augenda.</span> <span class='ocrx_word' id='word_1_229' title='bbox 724 2576 751 2623; x_wconf 90' lang='lat' dir='ltr'>et</span> <span class='ocrx_word' id='word_1_230' title='bbox 774 2586 826 2639; x_wconf 84' lang='lat' dir='ltr'>ego</span> <span class='ocrx_word' id='word_1_231' title='bbox 850 2569 900 2623; x_wconf 87' lang='lat' dir='ltr'>iarn</span> <span class='ocrx_word' id='word_1_232' title='bbox 922 2575 999 2641; x_wconf 87' lang='lat' dir='ltr'>parta</span> <span class='ocrx_word' id='word_1_233' title='bbox 1027 2566 1106 2640; x_wconf 84' lang='lat' dir='ltr'>plane</span> <span class='ocrx_word' id='word_1_234' title='bbox 1134 2576 1279 2624; x_wconf 87' lang='lat' dir='ltr'>contentus</span> <span class='ocrx_word' id='word_1_235' title='bbox 1306 2586 1393 2629; x_wconf 88' lang='lat' dir='ltr'>emin.</span> <span class='ocrx_word' id='word_1_236' title='bbox 1423 2577 1450 2623; x_wconf 93' lang='lat' dir='ltr'>et</span> <span class='ocrx_word' id='word_1_237' title='bbox 1474 2567 1581 2623; x_wconf 78' lang='lat' dir='ltr'>tnsttee</span> 
     </span>
     <span class='ocr_line' id='line_1_23' title="bbox 295 2652 1647 2727; baseline 0 -20"><span class='ocrx_word' id='word_1_238' title='bbox 295 2671 337 2708; x_wconf 91' lang='lat' dir='ltr'>me</span> <span class='ocrx_word' id='word_1_239' title='bbox 367 2671 419 2708; x_wconf 94' lang='lat' dir='ltr'>non</span> <span class='ocrx_word' id='word_1_240' title='bbox 443 2654 525 2709; x_wconf 81' lang='lat' dir='ltr'>fuisse</span> <span class='ocrx_word' id='word_1_241' title='bbox 555 2655 677 2711; x_wconf 88' lang='lat' dir='ltr'>ociosum</span> <span class='ocrx_word' id='word_1_242' title='bbox 705 2671 747 2708; x_wconf 87' lang='lat' dir='ltr'>res</span> <span class='ocrx_word' id='word_1_243' title='bbox 777 2654 834 2726; x_wconf 89' lang='lat' dir='ltr'>ipsa</span> <span class='ocrx_word' id='word_1_244' title='bbox 856 2652 987 2726; x_wconf 83' lang='lat' dir='ltr'>loquitur.</span> <span class='ocrx_word' id='word_1_245' title='bbox 1032 2652 1100 2719; x_wconf 82' lang='lat' dir='ltr'>outo</span> <span class='ocrx_word' id='word_1_246' title='bbox 1123 2654 1145 2708; x_wconf 92' lang='lat' dir='ltr'>si</span> <span class='ocrx_word' id='word_1_247' title='bbox 1168 2654 1219 2710; x_wconf 88' lang='lat' dir='ltr'>boo</span> <span class='ocrx_word' id='word_1_248' title='bbox 1241 2654 1383 2727; x_wconf 79' lang='lat' dir='ltr'>negocium</span> <span class='ocrx_word' id='word_1_249' title='bbox 1405 2654 1470 2709; x_wconf 92' lang='lat' dir='ltr'>mibi</span> <span class='ocrx_word' id='word_1_250' title='bbox 1493 2653 1578 2727; x_wconf 89' lang='lat' dir='ltr'>pluris</span> <span class='ocrx_word' id='word_1_251' title='bbox 1590 2662 1647 2711; x_wconf 81' lang='lat' dir='ltr'>tac</span> 
     </span>
     <span class='ocr_line' id='line_1_24' title="bbox 296 2738 1581 2819; baseline 0.001 -27"><span class='ocrx_word' id='word_1_252' title='bbox 296 2738 393 2795; x_wconf 80' lang='lat' dir='ltr'>fnisset</span> <span class='ocrx_word' id='word_1_253' title='bbox 416 2740 488 2819; x_wconf 89' lang='lat' dir='ltr'>qnod</span> <span class='ocrx_word' id='word_1_254' title='bbox 510 2739 542 2794; x_wconf 90' lang='lat' dir='ltr'>ad</span> <span class='ocrx_word' id='word_1_255' title='bbox 566 2739 698 2813; x_wconf 83' lang='lat' dir='ltr'>publicani</span> <span class='ocrx_word' id='word_1_256' title='bbox 721 2738 866 2793; x_wconf 89' lang='lat' dir='ltr'>utilitatem</span> <span class='ocrx_word' id='word_1_257' title='bbox 888 2738 1057 2811; x_wconf 84' lang='lat' dir='ltr'>pertinebat,</span> <span class='ocrx_word' id='word_1_258' title='bbox 1089 2756 1167 2812; x_wconf 88' lang='lat' dir='ltr'>quarn</span> <span class='ocrx_word' id='word_1_259' title='bbox 1191 2739 1263 2812; x_wconf 82' lang='lat' dir='ltr'>quod</span> <span class='ocrx_word' id='word_1_260' title='bbox 1285 2738 1348 2793; x_wconf 89' lang='lat' dir='ltr'>mibi</span> <span class='ocrx_word' id='word_1_261' title='bbox 1372 2739 1494 2812; x_wconf 81' lang='lat' dir='ltr'>privatim</span> <span class='ocrx_word' id='word_1_262' title='bbox 1516 2755 1581 2794; x_wconf 68' lang='lat' dir='ltr'>‹eon-</span> 
     </span>
     <span class='ocr_line' id='line_1_25' title="bbox 293 2823 1580 2896; baseline 0.002 -19"><span class='ocrx_word' id='word_1_263' title='bbox 293 2823 410 2879; x_wconf 90' lang='lat' dir='ltr'>dncibile</span> <span class='ocrx_word' id='word_1_264' title='bbox 427 2824 537 2884; x_wconf 87' lang='lat' dir='ltr'>luisset,</span> <span class='ocrx_word' id='word_1_265' title='bbox 561 2842 623 2879; x_wconf 93' lang='lat' dir='ltr'>unm</span> <span class='ocrx_word' id='word_1_266' title='bbox 646 2841 734 2879; x_wconf 90' lang='lat' dir='ltr'>essem</span> <span class='ocrx_word' id='word_1_267' title='bbox 756 2824 1009 2896; x_wconf 83' lang='lat' dir='ltr'>reprelrernlendns?</span> <span class='ocrx_word' id='word_1_268' title='bbox 1038 2824 1076 2878; x_wconf 80' lang='lat' dir='ltr'>bd</span> <span class='ocrx_word' id='word_1_269' title='bbox 1100 2841 1219 2879; x_wconf 89' lang='lat' dir='ltr'>summos</span> <span class='ocrx_word' id='word_1_270' title='bbox 1241 2824 1360 2879; x_wconf 86' lang='lat' dir='ltr'>bonores</span> <span class='ocrx_word' id='word_1_271' title='bbox 1376 2823 1502 2879; x_wconf 79' lang='lat' dir='ltr'>vocabar:</span> <span class='ocrx_word' id='word_1_272' title='bbox 1529 2824 1580 2879; x_wconf 91' lang='lat' dir='ltr'>boc</span> 
     </span>
     <span class='ocr_line' id='line_1_26' title="bbox 258 2908 1579 2983; baseline 0.003 -24"><span class='ocrx_word' id='word_1_273' title='bbox 258 2910 365 2963; x_wconf 71' lang='lat' dir='ltr'>aecium</span> <span class='ocrx_word' id='word_1_274' title='bbox 389 2927 442 2963; x_wconf 80' lang='lat' dir='ltr'>inin</span> <span class='ocrx_word' id='word_1_275' title='bbox 466 2910 525 2963; x_wconf 90' lang='lat' dir='ltr'>nnis</span> <span class='ocrx_word' id='word_1_276' title='bbox 548 2910 579 2964; x_wconf 91' lang='lat' dir='ltr'>ad</span> <span class='ocrx_word' id='word_1_277' title='bbox 603 2927 644 2964; x_wconf 85' lang='lat' dir='ltr'>nie</span> <span class='ocrx_word' id='word_1_278' title='bbox 667 2909 754 2964; x_wconf 91' lang='lat' dir='ltr'>literis</span> <span class='ocrx_word' id='word_1_279' title='bbox 778 2917 892 2964; x_wconf 89' lang='lat' dir='ltr'>testatus</span> <span class='ocrx_word' id='word_1_280' title='bbox 915 2917 956 2963; x_wconf 91' lang='lat' dir='ltr'>est</span> <span class='ocrx_word' id='word_1_281' title='bbox 972 2908 1099 2982; x_wconf 85' lang='lat' dir='ltr'>Glapion,</span> <span class='ocrx_word' id='word_1_282' title='bbox 1124 2919 1151 2963; x_wconf 91' lang='lat' dir='ltr'>et</span> <span class='ocrx_word' id='word_1_283' title='bbox 1175 2917 1215 2964; x_wconf 88' lang='lat' dir='ltr'>tot</span> <span class='ocrx_word' id='word_1_284' title='bbox 1230 2910 1396 2981; x_wconf 81' lang='lat' dir='ltr'>argumentis</span> <span class='ocrx_word' id='word_1_285' title='bbox 1411 2915 1579 2983; x_wconf 87' lang='lat' dir='ltr'>compertum</span> 
     </span>
     <span class='ocr_line' id='line_1_27' title="bbox 293 2993 1579 3065; baseline 0 -17"><span class='ocrx_word' id='word_1_286' title='bbox 293 2994 423 3049; x_wconf 81' lang='lat' dir='ltr'>habebant</span> <span class='ocrx_word' id='word_1_287' title='bbox 445 2994 557 3049; x_wconf 75' lang='lat' dir='ltr'>Caesaris</span> <span class='ocrx_word' id='word_1_288' title='bbox 587 3012 651 3065; x_wconf 87' lang='lat' dir='ltr'>erga</span> <span class='ocrx_word' id='word_1_289' title='bbox 678 3012 718 3049; x_wconf 85' lang='lat' dir='ltr'>nic</span> <span class='ocrx_word' id='word_1_290' title='bbox 750 2994 882 3053; x_wconf 85' lang='lat' dir='ltr'>studium,</span> <span class='ocrx_word' id='word_1_291' title='bbox 910 3001 937 3048; x_wconf 92' lang='lat' dir='ltr'>et</span> <span class='ocrx_word' id='word_1_292' title='bbox 960 3002 1033 3048; x_wconf 92' lang='lat' dir='ltr'>metu</span> <span class='ocrx_word' id='word_1_293' title='bbox 1061 2993 1163 3050; x_wconf 86' lang='lat' dir='ltr'>scilicet</span> <span class='ocrx_word' id='word_1_294' title='bbox 1185 2994 1359 3049; x_wconf 82' lang='lat' dir='ltr'>abstinebant.</span> <span class='ocrx_word' id='word_1_295' title='bbox 1404 2994 1504 3061; x_wconf 77' lang='lat' dir='ltr'>Ottodsi</span> <span class='ocrx_word' id='word_1_296' title='bbox 1528 2993 1579 3049; x_wconf 87' lang='lat' dir='ltr'>tale</span> 
     </span>
     <span class='ocr_line' id='line_1_28' title="bbox 293 3078 1578 3153; baseline 0.001 -20"><span class='ocrx_word' id='word_1_297' title='bbox 293 3078 442 3152; x_wconf 88' lang='lat' dir='ltr'>pericnlum</span> <span class='ocrx_word' id='word_1_298' title='bbox 466 3088 605 3135; x_wconf 89' lang='lat' dir='ltr'>ostensum</span> <span class='ocrx_word' id='word_1_299' title='bbox 628 3080 723 3134; x_wconf 88' lang='lat' dir='ltr'>luisset</span> <span class='ocrx_word' id='word_1_300' title='bbox 747 3080 804 3133; x_wconf 87' lang='lat' dir='ltr'>istis</span> <span class='ocrx_word' id='word_1_301' title='bbox 827 3079 926 3134; x_wconf 91' lang='lat' dir='ltr'>mundo</span> <span class='ocrx_word' id='word_1_302' title='bbox 949 3080 1077 3139; x_wconf 90' lang='lat' dir='ltr'>mortuis,</span> <span class='ocrx_word' id='word_1_303' title='bbox 1111 3087 1141 3133; x_wconf 95' lang='lat' dir='ltr'>nt</span> <span class='ocrx_word' id='word_1_304' title='bbox 1163 3078 1241 3134; x_wconf 87' lang='lat' dir='ltr'>alatis</span> <span class='ocrx_word' id='word_1_305' title='bbox 1270 3079 1383 3153; x_wconf 88' lang='lat' dir='ltr'>pedibus</span> <span class='ocrx_word' id='word_1_306' title='bbox 1405 3079 1511 3135; x_wconf 86' lang='lat' dir='ltr'>hiantes</span> <span class='ocrx_word' id='word_1_307' title='bbox 1533 3079 1578 3134; x_wconf 89' lang='lat' dir='ltr'>ad·</span> 
     </span>
     <span class='ocr_line' id='line_1_29' title="bbox 295 3164 1645 3238; baseline 0.003 -22"><span class='ocrx_word' id='word_1_308' title='bbox 295 3164 444 3220; x_wconf 78' lang='lat' dir='ltr'>celassent!</span> <span class='ocrx_word' id='word_1_309' title='bbox 468 3164 525 3237; x_wconf 87' lang='lat' dir='ltr'>Ego</span> <span class='ocrx_word' id='word_1_310' title='bbox 541 3166 563 3219; x_wconf 93' lang='lat' dir='ltr'>si</span> <span class='ocrx_word' id='word_1_311' title='bbox 586 3166 649 3237; x_wconf 82' lang='lat' dir='ltr'>quid</span> <span class='ocrx_word' id='word_1_312' title='bbox 671 3172 728 3219; x_wconf 90' lang='lat' dir='ltr'>erat</span> <span class='ocrx_word' id='word_1_313' title='bbox 752 3165 823 3238; x_wconf 85' lang='lat' dir='ltr'>qnod</span> <span class='ocrx_word' id='word_1_314' title='bbox 845 3164 889 3219; x_wconf 91' lang='lat' dir='ltr'>bic</span> <span class='ocrx_word' id='word_1_315' title='bbox 911 3164 1074 3223; x_wconf 76' lang='lat' dir='ltr'>metuebam,</span> <span class='ocrx_word' id='word_1_316' title='bbox 1098 3164 1164 3219; x_wconf 90' lang='lat' dir='ltr'>nibil</span> <span class='ocrx_word' id='word_1_317' title='bbox 1186 3164 1257 3219; x_wconf 87' lang='lat' dir='ltr'>alind</span> <span class='ocrx_word' id='word_1_318' title='bbox 1279 3173 1337 3219; x_wconf 89' lang='lat' dir='ltr'>erat</span> <span class='ocrx_word' id='word_1_319' title='bbox 1360 3182 1439 3238; x_wconf 82' lang='lat' dir='ltr'>quant</span> <span class='ocrx_word' id='word_1_320' title='bbox 1463 3182 1494 3221; x_wconf 91' lang='lat' dir='ltr'>nc</span> <span class='ocrx_word' id='word_1_321' title='bbox 1517 3173 1645 3223; x_wconf 67' lang='lat' dir='ltr'>cumbae.</span> 
     </span>
     <span class='ocr_line' id='line_1_30' title="bbox 294 3249 1579 3322; baseline 0.002 -20"><span class='ocrx_word' id='word_1_322' title='bbox 294 3249 453 3304; x_wconf 82' lang='lat' dir='ltr'>lnitlieranis</span> <span class='ocrx_word' id='word_1_323' title='bbox 475 3250 645 3305; x_wconf 81' lang='lat' dir='ltr'>conflictandi</span> <span class='ocrx_word' id='word_1_324' title='bbox 667 3250 809 3321; x_wconf 86' lang='lat' dir='ltr'>negocium</span> <span class='ocrx_word' id='word_1_325' title='bbox 832 3249 865 3304; x_wconf 90' lang='lat' dir='ltr'>ab</span> <span class='ocrx_word' id='word_1_326' title='bbox 888 3267 920 3303; x_wconf 90' lang='lat' dir='ltr'>co</span> <span class='ocrx_word' id='word_1_327' title='bbox 944 3250 1007 3304; x_wconf 86' lang='lat' dir='ltr'>inibi</span> <span class='ocrx_word' id='word_1_328' title='bbox 1030 3249 1216 3321; x_wconf 84' lang='lat' dir='ltr'>delegaretur,</span> <span class='ocrx_word' id='word_1_329' title='bbox 1252 3250 1294 3305; x_wconf 91' lang='lat' dir='ltr'>cni</span> <span class='ocrx_word' id='word_1_330' title='bbox 1323 3266 1423 3322; x_wconf 88' lang='lat' dir='ltr'>negare</span> <span class='ocrx_word' id='word_1_331' title='bbox 1453 3251 1492 3305; x_wconf 88' lang='lat' dir='ltr'>las</span> <span class='ocrx_word' id='word_1_332' title='bbox 1524 3267 1579 3305; x_wconf 89' lang='lat' dir='ltr'>non</span> 
     </span>
     <span class='ocr_line' id='line_1_31' title="bbox 257 3334 1579 3408; baseline 0.005 -24"><span class='ocrx_word' id='word_1_333' title='bbox 257 3334 405 3389; x_wconf 81' lang='lat' dir='ltr'>seruisset:</span> <span class='ocrx_word' id='word_1_334' title='bbox 439 3353 493 3390; x_wconf 91' lang='lat' dir='ltr'>non</span> <span class='ocrx_word' id='word_1_335' title='bbox 517 3336 589 3408; x_wconf 84' lang='lat' dir='ltr'>qnod</span> <span class='ocrx_word' id='word_1_336' title='bbox 612 3336 712 3390; x_wconf 81' lang='lat' dir='ltr'>laneam</span> <span class='ocrx_word' id='word_1_337' title='bbox 735 3334 864 3390; x_wconf 89' lang='lat' dir='ltr'>seditioso</span> <span class='ocrx_word' id='word_1_338' title='bbox 887 3334 1014 3404; x_wconf 84' lang='lat' dir='ltr'>negorio,</span> <span class='ocrx_word' id='word_1_339' title='bbox 1046 3335 1091 3407; x_wconf 88' lang='lat' dir='ltr'>qui</span> <span class='ocrx_word' id='word_1_340' title='bbox 1115 3335 1153 3390; x_wconf 91' lang='lat' dir='ltr'>sic</span> <span class='ocrx_word' id='word_1_341' title='bbox 1181 3334 1214 3390; x_wconf 88' lang='lat' dir='ltr'>ab</span> <span class='ocrx_word' id='word_1_342' title='bbox 1237 3334 1309 3389; x_wconf 86' lang='lat' dir='ltr'>ennii</span> <span class='ocrx_word' id='word_1_343' title='bbox 1337 3334 1448 3391; x_wconf 87' lang='lat' dir='ltr'>dissidio</span> <span class='ocrx_word' id='word_1_344' title='bbox 1476 3344 1579 3391; x_wconf 84' lang='lat' dir='ltr'>naturae</span> 
     </span>
     <span class='ocr_line' id='line_1_32' title="bbox 294 3418 1578 3493; baseline 0.003 -21"><span class='ocrx_word' id='word_1_345' title='bbox 294 3420 409 3491; x_wconf 81' lang='lat' dir='ltr'>qnodmn</span> <span class='ocrx_word' id='word_1_346' title='bbox 426 3421 555 3475; x_wconf 89' lang='lat' dir='ltr'>instinctu</span> <span class='ocrx_word' id='word_1_347' title='bbox 570 3420 743 3480; x_wconf 83' lang='lat' dir='ltr'>abhorream,</span> <span class='ocrx_word' id='word_1_348' title='bbox 768 3428 797 3475; x_wconf 90' lang='lat' dir='ltr'>nt</span> <span class='ocrx_word' id='word_1_349' title='bbox 813 3419 835 3473; x_wconf 93' lang='lat' dir='ltr'>si</span> <span class='ocrx_word' id='word_1_350' title='bbox 852 3419 915 3473; x_wconf 84' lang='lat' dir='ltr'>milii</span> <span class='ocrx_word' id='word_1_351' title='bbox 931 3437 980 3492; x_wconf 91' lang='lat' dir='ltr'>pro</span> <span class='ocrx_word' id='word_1_352' title='bbox 997 3418 1139 3475; x_wconf 86' lang='lat' dir='ltr'>latilnndiu</span> <span class='ocrx_word' id='word_1_353' title='bbox 1156 3418 1189 3473; x_wconf 93' lang='lat' dir='ltr'>lis</span> <span class='ocrx_word' id='word_1_354' title='bbox 1205 3427 1277 3474; x_wconf 89' lang='lat' dir='ltr'>esset</span> <span class='ocrx_word' id='word_1_355' title='bbox 1292 3421 1476 3493; x_wconf 88' lang='lat' dir='ltr'>suscipienda,</span> <span class='ocrx_word' id='word_1_356' title='bbox 1498 3422 1578 3476; x_wconf 81' lang='lat' dir='ltr'>citius</span> 
     </span>
     <span class='ocr_line' id='line_1_33' title="bbox 294 3504 1579 3579; baseline 0.002 -21"><span class='ocrx_word' id='word_1_357' title='bbox 294 3522 349 3559; x_wconf 88' lang='lat' dir='ltr'>rein</span> <span class='ocrx_word' id='word_1_358' title='bbox 372 3506 493 3561; x_wconf 85' lang='lat' dir='ltr'>deserant</span> <span class='ocrx_word' id='word_1_359' title='bbox 517 3523 595 3578; x_wconf 83' lang='lat' dir='ltr'>qtram</span> <span class='ocrx_word' id='word_1_360' title='bbox 619 3506 660 3560; x_wconf 89' lang='lat' dir='ltr'>ins</span> <span class='ocrx_word' id='word_1_361' title='bbox 684 3523 771 3560; x_wconf 87' lang='lat' dir='ltr'>inernn</span> <span class='ocrx_word' id='word_1_362' title='bbox 794 3521 957 3578; x_wconf 83' lang='lat' dir='ltr'>persequar:</span> <span class='ocrx_word' id='word_1_363' title='bbox 987 3522 1045 3559; x_wconf 88' lang='lat' dir='ltr'>sunt</span> <span class='ocrx_word' id='word_1_364' title='bbox 1069 3506 1138 3559; x_wconf 87' lang='lat' dir='ltr'>enirn</span> <span class='ocrx_word' id='word_1_365' title='bbox 1161 3522 1223 3559; x_wconf 84' lang='lat' dir='ltr'>rere</span> <span class='ocrx_word' id='word_1_366' title='bbox 1241 3504 1301 3560; x_wconf 86' lang='lat' dir='ltr'>ritis</span> <span class='ocrx_word' id='word_1_367' title='bbox 1324 3522 1354 3560; x_wconf 88' lang='lat' dir='ltr'>uc</span> <span class='ocrx_word' id='word_1_368' title='bbox 1375 3505 1440 3560; x_wconf 83' lang='lat' dir='ltr'>bens</span> <span class='ocrx_word' id='word_1_369' title='bbox 1455 3505 1500 3560; x_wconf 89' lang='lat' dir='ltr'>illa</span> <span class='ocrx_word' id='word_1_370' title='bbox 1515 3523 1579 3579; x_wconf 92' lang='lat' dir='ltr'>apo·</span> 
     </span>
     <span class='ocr_line' id='line_1_34' title="bbox 293 3588 1578 3663; baseline 0.002 -21"><span class='ocrx_word' id='word_1_371' title='bbox 293 3588 408 3661; x_wconf 87' lang='lat' dir='ltr'>logetiea</span> <span class='ocrx_word' id='word_1_372' title='bbox 431 3608 445 3644; x_wconf 87' lang='lat' dir='ltr'>e</span> <span class='ocrx_word' id='word_1_373' title='bbox 469 3589 537 3646; x_wconf 91' lang='lat' dir='ltr'>libro</span> <span class='ocrx_word' id='word_1_374' title='bbox 554 3591 685 3650; x_wconf 84' lang='lat' dir='ltr'>lrnlicnnt.</span> <span class='ocrx_word' id='word_1_375' title='bbox 710 3608 769 3663; x_wconf 81' lang='lat' dir='ltr'>qrtae</span> <span class='ocrx_word' id='word_1_376' title='bbox 792 3607 841 3662; x_wconf 87' lang='lat' dir='ltr'>per</span> <span class='ocrx_word' id='word_1_377' title='bbox 863 3589 1024 3662; x_wconf 88' lang='lat' dir='ltr'>legationem</span> <span class='ocrx_word' id='word_1_378' title='bbox 1048 3590 1173 3645; x_wconf 86' lang='lat' dir='ltr'>arlmrnm</span> <span class='ocrx_word' id='word_1_379' title='bbox 1189 3598 1281 3645; x_wconf 86' lang='lat' dir='ltr'>vocata</span> <span class='ocrx_word' id='word_1_380' title='bbox 1303 3590 1334 3644; x_wconf 95' lang='lat' dir='ltr'>ad</span> <span class='ocrx_word' id='word_1_381' title='bbox 1358 3591 1499 3663; x_wconf 90' lang='lat' dir='ltr'>imperinm</span> <span class='ocrx_word' id='word_1_382' title='bbox 1523 3590 1578 3645; x_wconf 91' lang='lat' dir='ltr'>bel·</span> 
     </span>
     <span class='ocr_line' id='line_1_35' title="bbox 295 3675 1577 3748; baseline 0.003 -22"><span class='ocrx_word' id='word_1_383' title='bbox 295 3675 401 3748; x_wconf 85' lang='lat' dir='ltr'>lurnqnc</span> <span class='ocrx_word' id='word_1_384' title='bbox 424 3676 570 3748; x_wconf 83' lang='lat' dir='ltr'>gerendum</span> <span class='ocrx_word' id='word_1_385' title='bbox 594 3675 734 3748; x_wconf 89' lang='lat' dir='ltr'>respondit</span> <span class='ocrx_word' id='word_1_386' title='bbox 756 3693 785 3731; x_wconf 84' lang='lat' dir='ltr'>se</span> <span class='ocrx_word' id='word_1_387' title='bbox 809 3692 861 3731; x_wconf 94' lang='lat' dir='ltr'>non</span> <span class='ocrx_word' id='word_1_388' title='bbox 885 3693 965 3748; x_wconf 89' lang='lat' dir='ltr'>posse</span> <span class='ocrx_word' id='word_1_389' title='bbox 987 3675 1113 3729; x_wconf 91' lang='lat' dir='ltr'>deserere</span> <span class='ocrx_word' id='word_1_390' title='bbox 1137 3684 1239 3730; x_wconf 80' lang='lat' dir='ltr'>naturae</span> <span class='ocrx_word' id='word_1_391' title='bbox 1255 3675 1413 3730; x_wconf 82' lang='lat' dir='ltr'>suavitatem</span> <span class='ocrx_word' id='word_1_392' title='bbox 1428 3694 1458 3731; x_wconf 89' lang='lat' dir='ltr'>ac</span> <span class='ocrx_word' id='word_1_393' title='bbox 1474 3675 1577 3731; x_wconf 88' lang='lat' dir='ltr'>bellicis</span> 
     </span>
     <span class='ocr_line' id='line_1_36' title="bbox 258 3759 1644 3834; baseline 0.002 -20"><span class='ocrx_word' id='word_1_394' title='bbox 258 3759 381 3814; x_wconf 66' lang='lat' dir='ltr'>aritretus</span> <span class='ocrx_word' id='word_1_395' title='bbox 404 3760 509 3814; x_wconf 74' lang='lat' dir='ltr'>insulsi.</span> <span class='ocrx_word' id='word_1_396' title='bbox 555 3760 617 3816; x_wconf 82' lang='lat' dir='ltr'>Erat</span> <span class='ocrx_word' id='word_1_397' title='bbox 640 3761 690 3816; x_wconf 90' lang='lat' dir='ltr'>buc</span> <span class='ocrx_word' id='word_1_398' title='bbox 711 3778 726 3815; x_wconf 92' lang='lat' dir='ltr'>a</span> <span class='ocrx_word' id='word_1_399' title='bbox 750 3761 865 3832; x_wconf 82' lang='lat' dir='ltr'>magius.</span> <span class='ocrx_word' id='word_1_400' title='bbox 890 3761 936 3815; x_wconf 86' lang='lat' dir='ltr'>sed</span> <span class='ocrx_word' id='word_1_401' title='bbox 952 3760 1021 3815; x_wconf 88' lang='lat' dir='ltr'>lalso</span> <span class='ocrx_word' id='word_1_402' title='bbox 1043 3778 1200 3834; x_wconf 88' lang='lat' dir='ltr'>persuasum</span> <span class='ocrx_word' id='word_1_403' title='bbox 1216 3761 1326 3821; x_wconf 75' lang='lat' dir='ltr'>tlaesari,</span> <span class='ocrx_word' id='word_1_404' title='bbox 1350 3778 1391 3815; x_wconf 91' lang='lat' dir='ltr'>me</span> <span class='ocrx_word' id='word_1_405' title='bbox 1406 3778 1466 3815; x_wconf 91' lang='lat' dir='ltr'>cnm</span> <span class='ocrx_word' id='word_1_406' title='bbox 1482 3761 1576 3833; x_wconf 86' lang='lat' dir='ltr'>prinus</span> <span class='ocrx_word' id='word_1_407' title='bbox 1586 3770 1644 3820; x_wconf 73' lang='lat' dir='ltr'>§.es</span> 
     </span>
     <span class='ocr_line' id='line_1_37' title="bbox 294 3845 1577 3919; baseline 0 -21"><span class='ocrx_word' id='word_1_408' title='bbox 294 3845 353 3899; x_wconf 81' lang='lat' dir='ltr'>lanio</span> <span class='ocrx_word' id='word_1_409' title='bbox 377 3847 521 3918; x_wconf 77' lang='lat' dir='ltr'>provinciae</span> <span class='ocrx_word' id='word_1_410' title='bbox 550 3847 675 3918; x_wconf 79' lang='lat' dir='ltr'>gerernlm</span> <span class='ocrx_word' id='word_1_411' title='bbox 703 3863 762 3900; x_wconf 88' lang='lat' dir='ltr'>esse</span> <span class='ocrx_word' id='word_1_412' title='bbox 787 3846 924 3907; x_wconf 79' lang='lat' dir='ltr'>iiloueum.</span> <span class='ocrx_word' id='word_1_413' title='bbox 948 3864 1007 3901; x_wconf 86' lang='lat' dir='ltr'>enin</span> <span class='ocrx_word' id='word_1_414' title='bbox 1024 3863 1102 3901; x_wconf 82' lang='lat' dir='ltr'>neruo</span> <span class='ocrx_word' id='word_1_415' title='bbox 1117 3846 1199 3918; x_wconf 90' lang='lat' dir='ltr'>deligi</span> <span class='ocrx_word' id='word_1_416' title='bbox 1215 3845 1336 3919; x_wconf 90' lang='lat' dir='ltr'>potnerit</span> <span class='ocrx_word' id='word_1_417' title='bbox 1358 3846 1443 3918; x_wconf 86' lang='lat' dir='ltr'>inagis</span> <span class='ocrx_word' id='word_1_418' title='bbox 1459 3845 1577 3908; x_wconf 84' lang='lat' dir='ltr'>inrnilis;</span> 
     </span>
     <span class='ocr_line' id='line_1_38' title="bbox 292 3930 1576 4003; baseline 0.003 -23"><span class='ocrx_word' id='word_1_419' title='bbox 292 3930 412 3986; x_wconf 82' lang='lat' dir='ltr'>ridebam</span> <span class='ocrx_word' id='word_1_420' title='bbox 436 3931 552 4003; x_wconf 83' lang='lat' dir='ltr'>undique</span> <span class='ocrx_word' id='word_1_421' title='bbox 582 3931 681 3986; x_wconf 86' lang='lat' dir='ltr'>inultos</span> <span class='ocrx_word' id='word_1_422' title='bbox 711 3932 845 3986; x_wconf 74' lang='lat' dir='ltr'>accinctos</span> <span class='ocrx_word' id='word_1_423' title='bbox 868 3932 899 3987; x_wconf 90' lang='lat' dir='ltr'>ad</span> <span class='ocrx_word' id='word_1_424' title='bbox 923 3932 974 3987; x_wconf 90' lang='lat' dir='ltr'>boc</span> <span class='ocrx_word' id='word_1_425' title='bbox 996 3932 1153 4000; x_wconf 77' lang='lat' dir='ltr'>negocium:</span> <span class='ocrx_word' id='word_1_426' title='bbox 1187 3931 1365 4003; x_wconf 87' lang='lat' dir='ltr'>agnoscebam</span> <span class='ocrx_word' id='word_1_427' title='bbox 1388 3948 1467 4003; x_wconf 86' lang='lat' dir='ltr'>qttam</span> <span class='ocrx_word' id='word_1_428' title='bbox 1490 3948 1576 3985; x_wconf 86' lang='lat' dir='ltr'>essem</span> 
     </span>
     <span class='ocr_line' id='line_1_39' title="bbox 294 4015 1576 4089; baseline 0.002 -22"><span class='ocrx_word' id='word_1_429' title='bbox 294 4015 377 4087; x_wconf 80' lang='lat' dir='ltr'>iinpmr</span> <span class='ocrx_word' id='word_1_430' title='bbox 408 4024 489 4071; x_wconf 77' lang='lat' dir='ltr'>tantae</span> <span class='ocrx_word' id='word_1_431' title='bbox 517 4017 675 4088; x_wconf 65' lang='lat' dir='ltr'>provinciae.</span> <span class='ocrx_word' id='word_1_432' title='bbox 710 4016 789 4070; x_wconf 91' lang='lat' dir='ltr'>etiam</span> <span class='ocrx_word' id='word_1_433' title='bbox 817 4017 839 4070; x_wconf 92' lang='lat' dir='ltr'>si</span> <span class='ocrx_word' id='word_1_434' title='bbox 869 4017 980 4072; x_wconf 80' lang='lat' dir='ltr'>inissem</span> <span class='ocrx_word' id='word_1_435' title='bbox 1010 4026 1104 4071; x_wconf 88' lang='lat' dir='ltr'>natura</span> <span class='ocrx_word' id='word_1_436' title='bbox 1133 4016 1300 4089; x_wconf 82' lang='lat' dir='ltr'>eotrtptositns</span> <span class='ocrx_word' id='word_1_437' title='bbox 1326 4016 1358 4071; x_wconf 94' lang='lat' dir='ltr'>ad</span> <span class='ocrx_word' id='word_1_438' title='bbox 1387 4024 1440 4071; x_wconf 90' lang='lat' dir='ltr'>tam</span> <span class='ocrx_word' id='word_1_439' title='bbox 1469 4016 1576 4071; x_wconf 87' lang='lat' dir='ltr'>odiosas</span> 
     </span>
     <span class='ocr_line' id='line_1_40' title="bbox 294 4100 1575 4175; baseline 0.003 -23"><span class='ocrx_word' id='word_1_440' title='bbox 294 4118 409 4171; x_wconf 87' lang='lat' dir='ltr'>pugnos:</span> <span class='ocrx_word' id='word_1_441' title='bbox 435 4100 557 4156; x_wconf 86' lang='lat' dir='ltr'>ridebam</span> <span class='ocrx_word' id='word_1_442' title='bbox 581 4100 631 4156; x_wconf 91' lang='lat' dir='ltr'>aliu</span> <span class='ocrx_word' id='word_1_443' title='bbox 655 4101 737 4156; x_wconf 87' lang='lat' dir='ltr'>inulta</span> <span class='ocrx_word' id='word_1_444' title='bbox 761 4119 821 4173; x_wconf 82' lang='lat' dir='ltr'>qttte</span> <span class='ocrx_word' id='word_1_445' title='bbox 843 4101 1049 4162; x_wconf 85' lang='lat' dir='ltr'>dissuadebant.</span> <span class='ocrx_word' id='word_1_446' title='bbox 1078 4102 1111 4156; x_wconf 91' lang='lat' dir='ltr'>de</span> <span class='ocrx_word' id='word_1_447' title='bbox 1140 4102 1238 4174; x_wconf 74' lang='lat' dir='ltr'>quilius</span> <span class='ocrx_word' id='word_1_448' title='bbox 1267 4101 1366 4175; x_wconf 91' lang='lat' dir='ltr'>opinor</span> <span class='ocrx_word' id='word_1_449' title='bbox 1388 4102 1473 4173; x_wconf 80' lang='lat' dir='ltr'>inagis</span> <span class='ocrx_word' id='word_1_450' title='bbox 1495 4119 1575 4174; x_wconf 66' lang='lat' dir='ltr'>rexpe-</span> 
     </span>
     <span class='ocr_line' id='line_1_41' title="bbox 257 4185 1575 4260; baseline 0.002 -23"><span class='ocrx_word' id='word_1_451' title='bbox 257 4194 282 4232; x_wconf 83' lang='lat' dir='ltr'>to</span> <span class='ocrx_word' id='word_1_452' title='bbox 293 4185 332 4239; x_wconf 90' lang='lat' dir='ltr'>dit</span> <span class='ocrx_word' id='word_1_453' title='bbox 355 4203 423 4239; x_wconf 83' lang='lat' dir='ltr'>nnnc</span> <span class='ocrx_word' id='word_1_454' title='bbox 446 4185 561 4240; x_wconf 83' lang='lat' dir='ltr'>siluisse.</span> <span class='ocrx_word' id='word_1_455' title='bbox 604 4196 627 4240; x_wconf 93' lang='lat' dir='ltr'>et</span> <span class='ocrx_word' id='word_1_456' title='bbox 654 4196 740 4241; x_wconf 80' lang='lat' dir='ltr'>taitnen</span> <span class='ocrx_word' id='word_1_457' title='bbox 765 4204 797 4240; x_wconf 94' lang='lat' dir='ltr'>ne</span> <span class='ocrx_word' id='word_1_458' title='bbox 820 4186 877 4241; x_wconf 78' lang='lat' dir='ltr'>baec</span> <span class='ocrx_word' id='word_1_459' title='bbox 900 4186 1007 4260; x_wconf 86' lang='lat' dir='ltr'>quidem</span> <span class='ocrx_word' id='word_1_460' title='bbox 1031 4197 1083 4242; x_wconf 91' lang='lat' dir='ltr'>tam</span> <span class='ocrx_word' id='word_1_461' title='bbox 1106 4187 1189 4242; x_wconf 85' lang='lat' dir='ltr'>mtdta</span> <span class='ocrx_word' id='word_1_462' title='bbox 1212 4186 1407 4241; x_wconf 81' lang='lat' dir='ltr'>deterruissent</span> <span class='ocrx_word' id='word_1_463' title='bbox 1431 4204 1474 4241; x_wconf 86' lang='lat' dir='ltr'>nie</span> <span class='ocrx_word' id='word_1_464' title='bbox 1496 4204 1509 4240; x_wconf 90' lang='lat' dir='ltr'>a</span> <span class='ocrx_word' id='word_1_465' title='bbox 1533 4203 1575 4240; x_wconf 89' lang='lat' dir='ltr'>re·</span> 
     </span>
     <span class='ocr_line' id='line_1_42' title="bbox 289 4270 1574 4344; baseline 0.002 -22"><span class='ocrx_word' id='word_1_466' title='bbox 289 4270 361 4330; x_wconf 82' lang='lat' dir='ltr'>ditn,</span> <span class='ocrx_word' id='word_1_467' title='bbox 385 4272 435 4325; x_wconf 86' lang='lat' dir='ltr'>uisi</span> <span class='ocrx_word' id='word_1_468' title='bbox 460 4289 501 4326; x_wconf 91' lang='lat' dir='ltr'>me</span> <span class='ocrx_word' id='word_1_469' title='bbox 524 4270 657 4327; x_wconf 77' lang='lat' dir='ltr'>violentus</span> <span class='ocrx_word' id='word_1_470' title='bbox 681 4270 723 4325; x_wconf 88' lang='lat' dir='ltr'>ille</span> <span class='ocrx_word' id='word_1_471' title='bbox 749 4280 878 4344; x_wconf 75' lang='lat' dir='ltr'>tyrannus</span> <span class='ocrx_word' id='word_1_472' title='bbox 902 4272 1076 4344; x_wconf 87' lang='lat' dir='ltr'>cunipedibns</span> <span class='ocrx_word' id='word_1_473' title='bbox 1093 4272 1149 4326; x_wconf 87' lang='lat' dir='ltr'>suis</span> <span class='ocrx_word' id='word_1_474' title='bbox 1166 4271 1282 4326; x_wconf 82' lang='lat' dir='ltr'>vinctum</span> <span class='ocrx_word' id='word_1_475' title='bbox 1298 4272 1467 4327; x_wconf 78' lang='lat' dir='ltr'>detinuisset.</span> <span class='ocrx_word' id='word_1_476' title='bbox 1502 4271 1574 4337; x_wconf 69' lang='lat' dir='ltr'>‘Ornis</span> 
     </span>
     <span class='ocr_line' id='line_1_43' title="bbox 291 4355 1574 4429; baseline 0.002 -22"><span class='ocrx_word' id='word_1_477' title='bbox 291 4355 341 4410; x_wconf 87' lang='lat' dir='ltr'>iste</span> <span class='ocrx_word' id='word_1_478' title='bbox 365 4357 510 4428; x_wconf 69' lang='lat' dir='ltr'>tyrannus.</span> <span class='ocrx_word' id='word_1_479' title='bbox 542 4356 660 4428; x_wconf 76' lang='lat' dir='ltr'>irronies,</span> <span class='ocrx_word' id='word_1_480' title='bbox 691 4366 781 4429; x_wconf 80' lang='lat' dir='ltr'>‘quum</span> <span class='ocrx_word' id='word_1_481' title='bbox 805 4356 903 4412; x_wconf 82' lang='lat' dir='ltr'>Elretin</span> <span class='ocrx_word' id='word_1_482' title='bbox 928 4368 1056 4429; x_wconf 72' lang='lat' dir='ltr'>tyrannos</span> <span class='ocrx_word' id='word_1_483' title='bbox 1079 4356 1206 4411; x_wconf 80' lang='lat' dir='ltr'>nesciat&#39;t</span> <span class='ocrx_word' id='word_1_484' title='bbox 1239 4356 1361 4411; x_wconf 85' lang='lat' dir='ltr'>Phalaris</span> <span class='ocrx_word' id='word_1_485' title='bbox 1392 4356 1499 4429; x_wconf 85' lang='lat' dir='ltr'>inquam</span> <span class='ocrx_word' id='word_1_486' title='bbox 1530 4356 1574 4411; x_wconf 87' lang='lat' dir='ltr'>ille</span> 
     </span>
     <span class='ocr_line' id='line_1_44' title="bbox 289 4439 1639 4515; baseline 0.004 -23"><span class='ocrx_word' id='word_1_487' title='bbox 289 4439 420 4500; x_wconf 75' lang='lat' dir='ltr'>colendus,</span> <span class='ocrx_word' id='word_1_488' title='bbox 444 4442 521 4495; x_wconf 80' lang='lat' dir='ltr'>ettltts</span> <span class='ocrx_word' id='word_1_489' title='bbox 545 4442 646 4496; x_wconf 89' lang='lat' dir='ltr'>utinam</span> <span class='ocrx_word' id='word_1_490' title='bbox 670 4442 734 4497; x_wconf 84' lang='lat' dir='ltr'>milri</span> <span class='ocrx_word' id='word_1_491' title='bbox 758 4442 836 4497; x_wconf 91' lang='lat' dir='ltr'>liceat</span> <span class='ocrx_word' id='word_1_492' title='bbox 858 4459 918 4497; x_wconf 89' lang='lat' dir='ltr'>esse</span> <span class='ocrx_word' id='word_1_493' title='bbox 942 4441 1143 4514; x_wconf 76' lang='lat' dir='ltr'>tyrarnrieidant.</span> <span class='ocrx_word' id='word_1_494' title='bbox 1181 4440 1212 4495; x_wconf 79' lang='lat' dir='ltr'>Et</span> <span class='ocrx_word' id='word_1_495' title='bbox 1236 4441 1287 4497; x_wconf 88' lang='lat' dir='ltr'>boc</span> <span class='ocrx_word' id='word_1_496' title='bbox 1309 4450 1398 4498; x_wconf 76' lang='lat' dir='ltr'>tannen</span> <span class='ocrx_word' id='word_1_497' title='bbox 1413 4450 1639 4515; x_wconf 66' lang='lat' dir='ltr'>eonteruptotmo.</span> 
     </span>
    </p>
   </div>
   <div class='ocr_carea' id='block_1_3' title="bbox 287 4622 1573 5113">
    <p class='ocr_par' dir='ltr' id='par_1_3' title="bbox 287 4622 1573 5113">
     <span class='ocr_line' id='line_1_45' title="bbox 355 4622 1570 4689; baseline 0 -16"><span class='ocrx_word' id='word_1_498' title='bbox 355 4623 366 4655; x_wconf 82' lang='lat'>²</span> <span class='ocrx_word' id='word_1_499' title='bbox 384 4622 499 4688; x_wconf 56' lang='lat' dir='ltr'>Perlege]</span> <span class='ocrx_word' id='word_1_500' title='bbox 519 4624 544 4672; x_wconf 87' lang='lat' dir='ltr'>d.</span> <span class='ocrx_word' id='word_1_501' title='bbox 559 4626 655 4689; x_wconf 81' lang='lat' dir='ltr'>Epipb.</span> <span class='ocrx_word' id='word_1_502' title='bbox 670 4641 694 4674; x_wconf 87' lang='lat' dir='ltr'>a.</span> <span class='ocrx_word' id='word_1_503' title='bbox 711 4623 782 4673; x_wconf 68' lang='lat' dir='ltr'>la&#39;nll&#39;l.</span> <span class='ocrx_word' id='word_1_504' title='bbox 796 4624 909 4674; x_wconf 85' lang='lat' dir='ltr'>finitum.</span> <span class='ocrx_word' id='word_1_505' title='bbox 922 4624 1024 4689; x_wconf 87' lang='lat' dir='ltr'>prodiit</span> <span class='ocrx_word' id='word_1_506' title='bbox 1043 4641 1085 4688; x_wconf 83' lang='lat' dir='ltr'>ap.</span> <span class='ocrx_word' id='word_1_507' title='bbox 1099 4623 1260 4673; x_wconf 76' lang='lat' dir='ltr'>Asconsinm</span> <span class='ocrx_word' id='word_1_508' title='bbox 1272 4624 1347 4673; x_wconf 84' lang='lat' dir='ltr'>loliis</span> <span class='ocrx_word' id='word_1_509' title='bbox 1359 4623 1391 4673; x_wconf 75' lang='lat' dir='ltr'>:ll</span> <span class='ocrx_word' id='word_1_510' title='bbox 1410 4625 1438 4672; x_wconf 94' lang='lat' dir='ltr'>in</span> <span class='ocrx_word' id='word_1_511' title='bbox 1456 4623 1491 4673; x_wconf 70' lang='lat'>4⁰,</span> <span class='ocrx_word' id='word_1_512' title='bbox 1505 4625 1570 4674; x_wconf 79' lang='lat' dir='ltr'>irrui.</span> 
     </span>
     <span class='ocr_line' id='line_1_46' title="bbox 289 4707 1572 4775; baseline 0.001 -17"><span class='ocrx_word' id='word_1_513' title='bbox 289 4707 299 4739; x_wconf 86' lang='lat'><strong>³</strong></span> <span class='ocrx_word' id='word_1_514' title='bbox 319 4709 361 4758; x_wconf 77' lang='lat' dir='ltr'>cf.</span> <span class='ocrx_word' id='word_1_515' title='bbox 376 4709 466 4758; x_wconf 85' lang='lat' dir='ltr'>t&#39;otul.</span> <span class='ocrx_word' id='word_1_516' title='bbox 480 4709 584 4758; x_wconf 85' lang='lat' dir='ltr'>lncnbr.</span> <span class='ocrx_word' id='word_1_517' title='bbox 606 4711 677 4758; x_wconf 72' lang='lat'>1527.</span> <span class='ocrx_word' id='word_1_518' title='bbox 697 4710 733 4758; x_wconf 74' lang='lat'>4⁰.</span> <span class='ocrx_word' id='word_1_519' title='bbox 753 4726 778 4775; x_wconf 89' lang='lat' dir='ltr'>p.</span> <span class='ocrx_word' id='word_1_520' title='bbox 792 4708 833 4758; x_wconf 76' lang='lat'>37.</span> <span class='ocrx_word' id='word_1_521' title='bbox 886 4710 1014 4774; x_wconf 75' lang='lat' dir='ltr'>⁶Georg.</span> <span class='ocrx_word' id='word_1_522' title='bbox 1029 4710 1147 4758; x_wconf 72' lang='lat' dir='ltr'>Cominii</span> <span class='ocrx_word' id='word_1_523' title='bbox 1165 4716 1193 4759; x_wconf 86' lang='lat' dir='ltr'>et</span> <span class='ocrx_word' id='word_1_524' title='bbox 1206 4709 1348 4759; x_wconf 82' lang='lat' dir='ltr'>Holeriuii</span> <span class='ocrx_word' id='word_1_525' title='bbox 1366 4709 1511 4774; x_wconf 79' lang='lat' dir='ltr'>toparcha,</span> <span class='ocrx_word' id='word_1_526' title='bbox 1532 4712 1572 4759; x_wconf 91' lang='lat' dir='ltr'>in·</span> 
     </span>
     <span class='ocr_line' id='line_1_47' title="bbox 289 4794 1573 4860; baseline 0.002 -19"><span class='ocrx_word' id='word_1_527' title='bbox 289 4801 331 4842; x_wconf 86' lang='lat' dir='ltr'>ter</span> <span class='ocrx_word' id='word_1_528' title='bbox 344 4794 474 4843; x_wconf 66' lang='lat' dir='ltr'>(lairolil&#39;.</span> <span class='ocrx_word' id='word_1_529' title='bbox 490 4794 558 4842; x_wconf 82' lang='lat' dir='ltr'>ardu·</span> <span class='ocrx_word' id='word_1_530' title='bbox 571 4810 707 4859; x_wconf 85' lang='lat' dir='ltr'>proceros.</span> <span class='ocrx_word' id='word_1_531' title='bbox 772 4794 782 4825; x_wconf 83' lang='lat'>⁷</span> <span class='ocrx_word' id='word_1_532' title='bbox 796 4796 853 4844; x_wconf 70' lang='lat' dir='ltr'>Irin.</span> <span class='ocrx_word' id='word_1_533' title='bbox 870 4796 1022 4844; x_wconf 76' lang='lat' dir='ltr'>Corondelet</span> <span class='ocrx_word' id='word_1_534' title='bbox 1040 4796 1203 4860; x_wconf 84' lang='lat' dir='ltr'>Bnrgnndns</span> <span class='ocrx_word' id='word_1_535' title='bbox 1222 4796 1243 4844; x_wconf 90' lang='grc' dir='ltr'>Ι,</span> <span class='ocrx_word' id='word_1_536' title='bbox 1258 4796 1289 4844; x_wconf 84' lang='lat' dir='ltr'>V.</span> <span class='ocrx_word' id='word_1_537' title='bbox 1308 4796 1341 4843; x_wconf 88' lang='lat' dir='ltr'>D.</span> <span class='ocrx_word' id='word_1_538' title='bbox 1356 4800 1384 4843; x_wconf 84' lang='lat' dir='ltr'>et</span> <span class='ocrx_word' id='word_1_539' title='bbox 1403 4794 1471 4843; x_wconf 76' lang='lat' dir='ltr'>eccl,</span> <span class='ocrx_word' id='word_1_540' title='bbox 1485 4795 1573 4859; x_wconf 80' lang='lat' dir='ltr'>digni-</span> 
     </span>
     <span class='ocr_line' id='line_1_48' title="bbox 288 4878 1571 4944; baseline 0.003 -18"><span class='ocrx_word' id='word_1_541' title='bbox 288 4880 393 4927; x_wconf 82' lang='lat' dir='ltr'>tatibus</span> <span class='ocrx_word' id='word_1_542' title='bbox 412 4885 568 4927; x_wconf 84' lang='lat' dir='ltr'>exornulns.</span> <span class='ocrx_word' id='word_1_543' title='bbox 606 4878 647 4927; x_wconf 80' lang='lat' dir='ltr'>Cf.</span> <span class='ocrx_word' id='word_1_544' title='bbox 662 4880 797 4943; x_wconf 85' lang='lat' dir='ltr'>Foppeus.</span> <span class='ocrx_word' id='word_1_545' title='bbox 812 4896 836 4944; x_wconf 92' lang='lat' dir='ltr'>p.</span> <span class='ocrx_word' id='word_1_546' title='bbox 850 4879 908 4928; x_wconf 63' lang='lat' dir='ltr'>(llll).</span> <span class='ocrx_word' id='word_1_547' title='bbox 945 4882 1074 4930; x_wconf 80' lang='lat' dir='ltr'>Sncetum</span> <span class='ocrx_word' id='word_1_548' title='bbox 1092 4884 1113 4929; x_wconf 87' lang='grc'>1.</span> <span class='ocrx_word' id='word_1_549' title='bbox 1149 4882 1404 4944; x_wconf 80' lang='lat' dir='ltr'>Ant.Sneqnetnm,</span> <span class='ocrx_word' id='word_1_550' title='bbox 1423 4880 1457 4928; x_wconf 87' lang='lat' dir='ltr'>de</span> <span class='ocrx_word' id='word_1_551' title='bbox 1476 4895 1527 4944; x_wconf 87' lang='lat' dir='ltr'>quo</span> <span class='ocrx_word' id='word_1_552' title='bbox 1547 4897 1571 4932; x_wconf 88' lang='lat' dir='ltr'>t&#39;.</span> 
     </span>
     <span class='ocr_line' id='line_1_49' title="bbox 288 4964 1572 5030; baseline 0.003 -18"><span class='ocrx_word' id='word_1_553' title='bbox 288 4965 394 5014; x_wconf 82' lang='lat' dir='ltr'>Erusnii</span> <span class='ocrx_word' id='word_1_554' title='bbox 414 4982 456 5028; x_wconf 86' lang='lat' dir='ltr'>ep.</span> <span class='ocrx_word' id='word_1_555' title='bbox 471 4964 504 5012; x_wconf 84' lang='lat' dir='ltr'>ud</span> <span class='ocrx_word' id='word_1_556' title='bbox 517 4964 655 5013; x_wconf 78' lang='lat' dir='ltr'>Aleiatnm</span> <span class='ocrx_word' id='word_1_557' title='bbox 674 4964 799 5029; x_wconf 83' lang='lat' dir='ltr'>Fribnrgi</span> <span class='ocrx_word' id='word_1_558' title='bbox 819 4981 845 5014; x_wconf 87' lang='lat' dir='ltr'>u.</span> <span class='ocrx_word' id='word_1_559' title='bbox 862 4964 934 5013; x_wconf 76' lang='lat' dir='ltr'>taso.</span> <span class='ocrx_word' id='word_1_560' title='bbox 948 4966 972 5015; x_wconf 91' lang='lat' dir='ltr'>d.</span> <span class='ocrx_word' id='word_1_561' title='bbox 1009 4969 1019 4997; x_wconf 69' lang='lat'><strong>⁶</strong></span> <span class='ocrx_word' id='word_1_562' title='bbox 1038 4964 1253 5030; x_wconf 78' lang='lat' dir='ltr'>blnximilisnns]</span> <span class='ocrx_word' id='word_1_563' title='bbox 1272 4966 1305 5014; x_wconf 89' lang='lat' dir='ltr'>de</span> <span class='ocrx_word' id='word_1_564' title='bbox 1325 4966 1430 5030; x_wconf 85' lang='lat' dir='ltr'>Bergis,</span> <span class='ocrx_word' id='word_1_565' title='bbox 1450 4966 1572 5016; x_wconf 81' lang='lat' dir='ltr'>Troirsil·</span> 
     </span>
     <span class='ocr_line' id='line_1_50' title="bbox 287 5047 765 5113; baseline 0.002 -16"><span class='ocrx_word' id='word_1_566' title='bbox 287 5065 381 5101; x_wconf 80' lang='lat' dir='ltr'>rarius.</span> <span class='ocrx_word' id='word_1_567' title='bbox 433 5048 455 5078; x_wconf 81' lang='lat'>³³</span> <span class='ocrx_word' id='word_1_568' title='bbox 475 5047 572 5113; x_wconf 71' lang='lat' dir='ltr'>ludio]</span> <span class='ocrx_word' id='word_1_569' title='bbox 593 5050 638 5097; x_wconf 82' lang='lat' dir='ltr'>tx.</span> <span class='ocrx_word' id='word_1_570' title='bbox 657 5048 693 5097; x_wconf 89' lang='lat' dir='ltr'>to.</span> <span class='ocrx_word' id='word_1_571' title='bbox 708 5064 765 5113; x_wconf 83' lang='lat' dir='ltr'>sqq.</span> 
     </span>
    </p>
   </div>
   <div class='ocr_carea' id='block_1_4' title="bbox 1295 5137 1355 5196">
    <p class='ocr_par' dir='ltr' id='par_1_4' title="bbox 1295 5137 1355 5196">
     <span class='ocr_line' id='line_1_51' title="bbox 1295 5137 1355 5196; baseline 0 0"><span class='ocrx_word' id='word_1_572' title='bbox 1295 5137 1355 5196; x_wconf 84' lang='lat' dir='ltr'>ll*</span> 
     </span>
    </p>
   </div>
   <div class='ocr_carea' id='block_1_5' title="bbox 0 0 1972 6034">
    <p class='ocr_par' dir='ltr' id='par_1_5' title="bbox 0 0 1972 6034">
     <span class='ocr_line' id='line_1_52' title="bbox 0 0 1972 6034; baseline 0 3"><span class='ocrx_word' id='word_1_573' title='bbox 0 0 1972 6034; x_wconf 95' lang='lat' dir='ltr'> </span> 
     </span>
    </p>
   </div>
  </div>
 </body>
</html>
