3934 6034
375 585 389 616 Q

330 677 402 751 362
440 693 621 744 CCCXXXX.
640 709 1029 746 nx1oncn.cnusnnm1vms
1044 712 1220 747 nornncnrn.
1236 712 1356 748 nvrrsn.
1373 712 1454 748 conc.
1468 713 1566 749 noers.

328 880 395 944 quot
414 874 473 926 dies
492 870 679 943 familiariter
701 888 762 926 sum
793 880 936 937 uersatus,
965 875 1116 928 decedente
1140 889 1180 927 en·
1208 875 1275 927 aula
1298 872 1483 944 blopurrtina.
1511 874 1541 927 in
1560 890 1613 943 arro

327 959 443 1014 circiter
463 958 604 1011 hieracium
628 964 780 1011 manserat.
822 958 961 1012 Adiunxit
981 959 1082 1013 deinde
1104 975 1134 1014 se
1156 960 1313 1014 Francisco
1337 958 1528 1031 Siceinpensi‚
1552 976 1611 1013 cum

327 1044 438 1115 qrridem
457 1049 484 1096 et
504 1049 587 1096 antea
607 1043 768 1112 implicatus
787 1042 891 1114 fnisset
913 1046 1000 1098 motai
1022 1045 1133 1110 bellice,
1155 1060 1235 1114 artem
1257 1043 1370 1115 fecerat
1391 1047 1419 1098 in
1441 1063 1513 1117 apro
1541 1044 1611 1098 Win-

328 1129 509 1199 tenberpensi
532 1127 685 1183 Hatlenico
718 1144 768 1183 ens
790 1127 941 1199 interfecto
960 1131 1100 1200 populari
1125 1131 1163 1185 ibi
1184 1132 1304 1200 arerrrlam
1332 1146 1400 1196 suo,
1429 1139 1456 1185 ct
1479 1131 1524 1184 rei
1544 1131 1611 1185 mili·

326 1217 398 1269 taris
419 1214 542 1267 stadium
562 1230 626 1283 pree
646 1229 676 1268 se
696 1212 790 1284 ferret
809 1221 836 1269 et
854 1222 1079 1284 repreesentante
1097 1230 1127 1268 se
1148 1217 1270 1286 irnapine
1289 1223 1403 1271 armata
1421 1217 1548 1270 unanime
1566 1217 1631 1269 ele-s

326 1302 489 1355 leetaretnr.
534 1298 656 1354 Tandem
680 1300 725 1354 bic
744 1308 887 1369 postremo
907 1302 1004 1370 pranis
1026 1303 1143 1371 querela
1165 1302 1272 1371 scripto
1288 1309 1390 1357 contra
1406 1300 1441 1355 D.
1459 1302 1611 1356 Erasmum

328 1386 547 1441 linterodurnnrn
571 1386 657 1447 edito,
687 1386 763 1455 qrrorl
790 1386 835 1439 itle
853 1402 959 1455 parum
983 1402 1053 1440 sane
1074 1388 1149 1441 molli
1166 1387 1286 1457 spanaio
1309 1387 1474 1458 absterpere
1496 1388 1611 1452 studuit,

327 1490 381 1527 non
402 1472 559 1540 proculab
582 1471 650 1525 urbe
669 1470 694 1523 T
692 1472 806 1541 ipurina
829 1471 933 1525 morbis
955 1471 1103 1542 consertus
1124 1473 1226 1542 artibus
1238 1470 1439 1542 frequentibus
1454 1479 1481 1526 et
1497 1473 1612 1527 aeribus

326 1558 521 1615 laboraverat.
539 1563 654 1611 ruortern
674 1556 739 1611 obiit
755 1572 845 1610 rrrrrros
860 1563 945 1611 natus
961 1560 1094 1609 XXXVI.
1135 1558 1202 1612 Fuit
1221 1558 1365 1612 nobilitate
1380 1565 1408 1611 el
1423 1558 1510 1613 laude
1528 1572 1610 1628 pene·

326 1645 367 1698 ris
382 1642 493 1712 antiqui
505 1642 636 1712 inprimis
650 1643 756 1708 elarrrs,
773 1643 910 1697 doctrina·
921 1642 1042 1696 erudita
1054 1643 1200 1713 princeps,
1215 1643 1478 1713 impatientissimus
1491 1643 1609 1697 iniurio-
1620 1656 1641 1695 m

326 1745 405 1791 rnrn,
425 1727 564 1782 libertatis
584 1727 728 1782 immodice
742 1728 878 1797 cupidus,
902 1743 957 1782 non
977 1743 1100 1796 prorsus
1123 1729 1233 1783 aliernrs
1255 1746 1272 1782 a
1295 1728 1418 1793 santrio,
1442 1744 1507 1799 qam
1527 1729 1609 1783 etiam

326 1816 418 1870 rubus
442 1813 595 1867 acerbitate
617 1819 644 1867 et
665 1814 757 1867 minus
778 1813 911 1866 clemente
933 1812 1076 1867 interdum
1097 1815 1225 1868 oratione
1252 1812 1441 1869 indicabatur.
1485 1812 1544 1869 Sed
1563 1827 1609 1867 ne-

324 1915 379 1971 que
401 1915 485 1968 opum
513 1898 689 1952 abundantio
717 1913 808 1968 neque
828 1900 972 1967 corporis,
1003 1899 1030 1950 iu
1052 1915 1107 1970 quo
1129 1900 1278 1954 adnrodrun
1298 1899 1405 1968 pusillo
1426 1905 1512 1970 alque
1530 1898 1612 1953 debili

324 1990 417 2039 ruerat
438 1985 550 2039 aninms
570 1983 669 2055 inpens
689 2001 724 2037 ac
744 1983 847 2053 seron,
870 1984 975 2037 uiribus
992 1984 1117 2053 pollens:
1138 1990 1167 2038 nt
1189 1986 1223 2039 de
1244 1999 1276 2038 eo
1297 1983 1367 2039 mibi
1384 1998 1461 2056 saepe
1484 1986 1512 2037 in
1535 1997 1610 2038 rnen-

323 2079 376 2125 tem
403 2070 508 2124 uenerit
529 2083 660 2124 uersuum
681 2068 783 2139 quilius
799 2068 981 2139 perhibetur,
1005 2072 1030 2122 si
1051 2070 1263 2140 respondissent
1285 2070 1358 2124 oires
1376 2077 1462 2142 totque
1481 2070 1642 2139 potentian

326 2155 520 2211 ltemostbenis
537 2157 687 2225 proposito
714 2162 741 2208 et
765 2155 901 2216 solertia,
930 2170 1076 2224 rnrnquam
1103 2154 1196 2225 fnisse
1221 2153 1354 2224 srrtrrrnm
1385 2163 1416 2209 at
1443 2158 1471 2209 in
1497 2154 1610 2210 Graecia

322 2256 548 2296 summarorium
566 2243 709 2309 potiretur
731 2237 865 2293 Macedo:
887 2256 952 2292 nam
975 2241 1002 2293 si
1021 2240 1139 2294 consilia
1160 2246 1188 2294 et
1206 2247 1326 2295 conatus
1346 2237 1468 2295 Hutteui
1487 2257 1545 2294 non
1563 2241 1610 2295 de-

321 2327 458 2399 fecissent
487 2327 572 2396 quasi
597 2326 678 2380 uerri
705 2326 855 2394 copiarum
884 2331 969 2395 atqrm
997 2326 1146 2393 potentior,
1177 2326 1232 2380 iam
1259 2333 1317 2381 tarn
1347 2327 1465 2380 mutatio
1486 2329 1609 2380 omnium

323 2427 420 2466 rerum
444 2412 583 2467 extitisset
605 2417 632 2465 et
660 2411 744 2479 quusi
766 2409 842 2463 orbis
869 2415 960 2464 status
983 2411 1093 2478 publici
1115 2409 1221 2480 suisset
1246 2425 1409 2467 conversos.
1455 2411 1493 2465 El
1513 2411 1610 2466 dolore

323 2504 416 2552 autem
447 2504 503 2551 tum
534 2495 661 2567 t'bilippi
678 2493 906 2549 Melanebtlronis
934 2511 968 2548 ac
996 2502 1092 2550 nostro
1120 2502 1147 2550 et
1173 2497 1367 2566 deploratione
1394 2511 1507 2566 quoqne
1536 2494 1643 2551 crona

323 2585 407 2654 qrrersi
424 2584 498 2637 iusta
516 2580 598 2650 sucta
622 2588 688 2635 sient
712 2579 849 2640 Halteno,
880 2581 969 2651 eleqrre
997 2595 1028 2634 eo
1062 2582 1091 2634 in
1112 2582 1213 2636 itinere
1237 2596 1334 2636 sersus
1358 2598 1375 2635 a
1398 2581 1477 2635 uobis
1496 2598 1609 2651 compo-

321 2670 415 2722 sitiet
438 2666 560 2736 refutati
577 2667 692 2738 rprielom
715 2671 854 2719 moruunn
874 2667 1045 2721 lacerantes.
1089 2668 1117 2721 iu
1147 2667 1333 2738 quibuscum
1356 2664 1511 2721 lasciuius
1533 2666 1610 2737 qnis-

322 2936 457 2986 Franeus.
478 2936 571 2984 orriino
592 2950 687 2998 ertum,
713 2934 825 2998 trigonio
844 2934 977 2982 acerrimo
997 2938 1025 2982 ot
1043 2934 1134 2982 animo
1158 2933 1403 2992 confidentissimo,
1432 2932 1524 2982 literis
1549 2949 1608 2998 per-

322 3036 401 3085 quam
422 3021 556 3079 eraditus,
578 3025 605 3068 et
623 3020 768 3082 litigantes
787 3018 935 3068 rnonaeiros
954 3034 1015 3066 enm
1035 3019 1178 3083 (tapniono
1197 3020 1274 3069 varie
1294 3018 1463 3082 exagitavit,
1485 3023 1514 3066 ot
1534 3017 1609 3067 illam

321 3106 471 3155 factionem
491 3113 545 3154 turn
565 3105 671 3170 (pridem
691 3104 940 3152 volrorrrentissimis
958 3104 1083 3167 seriptis,
1103 3103 1151 3152 sod
1170 3104 1312 3167 nlirprnnto
1330 3109 1392 3168 post
1405 3103 1488 3152 armis
1501 3118 1610 3168 «lituique

321 3192 456 3256 expe-ditis
470 3191 580 3240 adortus
595 3198 644 3238 est.
665 3190 753 3237 lirrins
767 3194 809 3236 est
822 3204 931 3237 carnion
946 3188 1110 3252 trimnpbale
1123 3188 1403 3239 victorimitcnclrlini
1422 3204 1484 3238 curn
1498 3189 1611 3252 pictura

322 3277 405 3325 etiam
430 3276 458 3324 in
482 3275 555 3324 illins
579 3274 792 3339 conspirationis
816 3289 927 3336 pragam
952 3274 1164 3331 contumeliosa,
1191 3275 1236 3323 ubi
1260 3290 1329 3323 rrrroo
1348 3273 1468 3322 trahitur
1486 3273 1609 3338 qnidam,

321 3362 367 3425 qni
392 3376 451 3411 cunr
472 3360 575 3409 iudans
599 3358 747 3422 aliqnando
771 3359 884 3419 fnisset,
915 3374 992 3407 stram
1016 3375 1127 3423 «oporam
1152 3359 1179 3407 in
1203 3360 1343 3424 Cnpniono
1374 3358 1500 3408 indenda
1526 3365 1610 3422 atque

322 3445 485 3503 evertendo,
512 3445 673 3494 condimtnm
698 3443 772 3492 iilam
798 3443 905 3507 ‹ptidmn
930 3459 1043 3506 magna,
1070 3451 1099 3492 nt.
1123 3445 1298 3504 credebat-nr,
1330 3444 1450 3509 poormin
1473 3443 1610 3493 dedisset..

321 3529 329 3561 ⁴
348 3527 483 3596 populari!
506 3531 607 3578 lusitane
627 3530 749 3577 ltnttcno
767 3528 902 3577 Ludovici
922 3529 940 3577 f.
996 3528 1016 3558 ¹⁵
1035 3527 1169 3594 versuum]
1189 3529 1297 3579 Antinoi.
1313 3530 1402 3578 Grmc.
1416 3529 1448 3578 V.
1465 3526 1498 3589 l.‚
1512 3527 1559 3580 {ti

318 3648 371 3683 nm
631 3701 634 3708 Ι
955 3647 978 3697 1,

668 3751 808 3800 Camerarii
824 3754 976 3814 apios-armna
994 3750 1040 3799 bne
1058 3766 1113 3798 esse
1132 3753 1257 3814 adparet:

625 3835 865 3885 HVLDERICHO
885 3835 1058 3884 HVT'rnno
1077 3836 1159 3896 EQV.
1180 3835 1289 3884 ostitit.

470 3938 626 3994 Nobilibus,
646 3939 670 3988 si
689 3954 743 4003 qno
762 3943 804 3987 ost
823 3954 856 3986 eo
875 3935 948 3998 lans,
969 3936 1109 3985 natalibus
1128 3941 1211 3994 ortus,

521 4025 650 4072 liuttenn·
670 4024 773 4088 insigni
791 4027 936 4072 stemmate
956 4022 1048 4087 geritis
1067 4038 1158 4086 eques,

472 4112 575 4159 Pnrsns
594 4117 622 4157 et
640 4125 714 4173 teger
728 4125 814 4170 oront,
836 4108 883 4157 sod
902 4124 978 4156 mens
997 4108 1155 4171 ingentibus
1176 4109 1250 4156 rumis

423 4204 429 4243 t
521 4195 652 4243 Pensavit
670 4195 742 4242 vires
761 4194 882 4259 corporis
903 4194 1025 4254 exignum.

470 4283 538 4342 Qum
556 4295 606 4329 sua
624 4280 657 4328 do
676 4279 775 4344 pbagis
794 4279 916 4328 Francos
934 4278 1025 4326 media
1044 4278 1116 4326 inter
1135 4282 1162 4325 et
1182 4278 1284 4326 Hessos

520 4366 637 4414 Nomina
655 4364 752 4424 habet,
773 4364 851 4413 nobis
870 4364 961 4427 potrio
980 4368 1054 4410 terra
1074 4363 1140 4410 snit:
1381 4388 1395 4424 χ

470 4453 608 4513 Qnranturn
627 4465 661 4497 eo
680 4449 715 4497 nb
734 4448 858 4497 Helvetii
877 4447 1017 4496 disiuncto
1036 4454 1078 4495 ost
1097 4446 1189 4496 littore.
1209 4447 1305 4501 libeni,

420 4551 431 4588 s
521 4537 604 4600 Rupit
623 4534 668 4583 uiri
688 4535 752 4582 vitm
770 4534 889 4582 stamina
908 4535 998 4582 l'arcn
1017 4548 1093 4587 ntroin,

469 4622 545 4670 Nnnc
565 4621 644 4668 iace-o
663 4620 756 4668 rotatis
775 4618 889 4667 ‹lecrtrso
909 4623 1030 4682 tompore
1049 4617 1152 4680 primm,

520 4706 573 4754 Hic
593 4704 638 4753 nbi
659 4709 790 4764 corrnestn
809 4720 877 4751 srixa
896 4703 1023 4752 len'nntnr
1041 4702 1129 4750 lnmm.

470 4790 582 4839 ,tatinus
602 4795 630 4838 et
648 4789 746 4837 studiis
764 4790 902 4837 Mnsarnm
922 4788 1047 4837 oxcuitns
1065 4787 1188 4835 lumostis

411 4888 433 4925 tt
521 4876 638 4924 Miretur
656 4875 767 4923 Latirnn
786 4887 846 4938 qnm
866 4888 971 4937 qnoque
991 4873 1096 4935 scripta
1115 4872 1187 4920 riceii.

528 4976 713 4985 *ρ-

520 5045 529 5074 ⁸
548 5046 626 5094 rnen?
644 5047 670 5093 2.
