3934 6034
397 668 444 741 44
599 683 766 734 CCXXXIV.
781 697 901 732 uvrrnur
915 697 951 732 nn
964 696 1093 733 cnuonvn
1107 698 1163 732 ιιι.
1178 698 1222 732 nr.
1235 698 1262 732 n.
1275 692 1308 737 27.
1320 699 1404 734 naar.
1420 691 1477 733 ¹521.

397 856 522 927 ciiiarct,
557 863 585 916 et
612 862 709 916 tamen
738 854 815 915 haud
837 854 929 915 merito
959 863 1025 914 ante
1053 873 1139 933 quam
1168 865 1334 916 moreretur
1364 864 1484 916 testatus
1513 864 1557 916 est
1585 857 1681 917 Nemi-

398 979 465 1021 nem
488 961 542 1021 sibi
566 977 668 1020 eorum
691 959 859 1036 pontitieum
883 959 932 1036 qni
955 977 1009 1017 sno
1031 966 1163 1037 tenrpore
1186 977 1240 1036 per
1262 959 1371 1037 aliquot
1393 967 1421 1019 et
1443 962 1560 1036 triginta
1588 978 1682 1020 annos

329 1074 347 1125 t
359 1074 386 1119 ¹².
398 1064 534 1133 inissent,
558 1062 644 1122 sidem
666 1061 803 1121 tenuisse.
849 1060 906 1120 Sed
928 1067 960 1120 tu
983 1061 1103 1120 meliora
1126 1062 1280 1139 proponis;
1310 1062 1356 1121 iac
1378 1064 1494 1123 evenire
1516 1071 1545 1123 et
1566 1082 1631 1141 qum
1664 1058 1671 1144 Ι
1700 1076 1726 1119 ιι

397 1168 505 1226 sancita
528 1167 604 1225 iuter
628 1182 678 1222 vos
700 1170 769 1223 sunt
791 1164 1022 1223 constantissime
1044 1182 1160 1223 serrare
1184 1162 1278 1231 idum,
1302 1173 1399 1224 tamen
1415 1182 1510 1244 neque
1525 1166 1680 1225 honestum

396 1268 448 1329 tiiri
471 1274 529 1337 est,
553 1286 648 1345 neque
671 1266 834 1326 Germaniae
856 1266 1012 1326 ferendum
1035 1265 1091 1326 lroc
1114 1268 1212 1345 precio
1235 1284 1336 1344 pacem
1365 1286 1463 1327 emere
1490 1273 1533 1329 te:
1562 1286 1630 1328 nem
1653 1276 1706 1329 et⁵

397 1371 522 1449 imperio
545 1368 633 1429 italice
656 1368 735 1429 redis
758 1367 797 1428 ilii
819 1388 853 1428 ac
876 1368 949 1428 urhe
965 1368 1072 1437 Roma,
1096 1369 1208 1447 imperii
1232 1368 1392 1438 dmniciii03
1416 1377 1445 1429 et
1465 1371 1588 1446 gratiam
1611 1370 1682 1431 iacis

398 1473 543 1552 expilandi
567 1472 680 1550 ‹pnoties
701 1470 790 1531 libeat
812 1471 1013 1538 Germaniam:
1037 1489 1132 1549 neque
1148 1489 1202 1549 pro
1217 1473 1330 1531 armatis
1345 1474 1476 1550 precium
1491 1472 1616 1550 persoiri
1631 1481 1682 1534 aut

398 1575 483 1654 pallia
506 1577 562 1634 erni
585 1574 737 1652 prohibes,
761 1580 790 1633 et
811 1573 898 1634 indiis
919 1573 1076 1634 nundinari
1097 1574 1145 1633 nie
1166 1574 1323 1651 permittis,
1348 1582 1376 1633 et
1398 1575 1552 1635 curtisonis
1567 1593 1625 1635 non
1641 1578 1681 1636 ri·

328 1687 456 1744 §.ntem
479 1685 591 1738 tentum
613 1677 664 1737 sed
686 1695 810 1755 reguum
833 1677 917 1736 etiam
941 1675 1086 1736 concedis,
1130 1677 1191 1736 Hac
1219 1676 1354 1737 mercede
1382 1684 1495 1753 pactam
1517 1679 1680 1747 amicitiam,

397 1781 442 1841 his
465 1779 678 1841 conditionibus
701 1780 799 1839 initem
822 1797 924 1857 pacem
947 1778 1196 1839 communitione
1219 1797 1282 1838 esse
1303 1780 1490 1857 interpretari
1512 1779 1596 1839 lieet?
1627 1781 1715 1850 lta,1o

398 1885 508 1962 inqniS,
540 1883 638 1942 ierunt
659 1882 709 1960 qui
731 1901 747 1941 a
770 1880 891 1941 consilio
913 1880 982 1940 milri
1006 1888 1083 1940 sunt.
1128 1881 1169 1941 lta
1192 1880 1304 1950 ierunt,
1332 1882 1408 1941 scio:
1436 1900 1503 1942 nam
1526 1889 1559 1940 ut
1580 1882 1680 1941 huius·

397 1985 475 2046 modi
497 1983 699 2052 consulerent,
728 1984 943 2044 circumsedere
970 1990 1000 2043 te
1028 1990 1057 2043 et
1078 1993 1261 2061 occuparunt
1281 1984 1449 2044 sacerdotes
1471 1986 1527 2043 tni:
1556 1983 1680 2044 iibonter

397 2088 473 2148 enim
497 2088 532 2147 ad
555 2087 685 2146 Romana
707 2092 932 2165 quantacunque
953 2084 1065 2146 scelera
1087 2087 1255 2153 connivent,
1279 2103 1338 2163 quo
1354 2087 1449 2145 minus
1463 2088 1487 2145 si
1503 2087 1552 2145 dat
1566 2085 1621 2146 iliis
1636 2088 1679 2145 in·

329 2191 552 2263 §.intercessim
583 2190 637 2266 ipsi
666 2207 783 2267 quoque
809 2186 963 2267 aliquando
992 2196 1134 2266 cogantur
1156 2190 1184 2248 iu
1208 2188 1349 2248 ordinem.
1395 2188 1418 2248 Τ
1421 2208 1439 2250 ιι
1463 2208 1532 2249 vero
1554 2208 1610 2267 qua
1654 2187 1661 2273 Ι
1688 2200 1723 2244 ιιι

397 2295 487 2354 uteris
510 2292 710 2359 excusatione,
740 2291 817 2369 quod
840 2309 891 2351 eos
913 2291 962 2368 qui
984 2298 1013 2349 te
1035 2292 1082 2368 pie
1104 2298 1224 2351 nmnent
1246 2298 1273 2350 et
1296 2291 1419 2350 senioris
1441 2292 1552 2352 consilii
1575 2293 1714 2353 eritho-n

396 2415 444 2455 res
467 2414 530 2454 esse
553 2393 666 2462 volunt,
693 2393 800 2471 nequid
829 2393 947 2453 tandem
975 2394 1013 2452 sit
1034 2393 1111 2470 qriod
1135 2393 1315 2470 exigentibus
1338 2395 1399 2454 istis
1421 2395 1521 2454 amicis
1543 2394 1599 2453 tuis
1621 2412 1679 2454 non

395 2499 549 2565 inservias,
573 2496 674 2556 edictis
695 2494 823 2571 flagellas
846 2495 918 2561 iarn,
944 2502 1009 2572 post
1030 2494 1117 2572 paulo
1138 2494 1223 2555 exilio
1238 2515 1273 2555 ac
1287 2505 1382 2556 morte
1396 2497 1552 2575 puniturus
1567 2496 1616 2556 es?
1638 2497 1680 2556 sie

328 2602 474 2675 ereetum
496 2602 603 2659 iactant
624 2599 669 2657 isti
692 2605 720 2658 et
742 2599 770 2657 in
794 2604 843 2656 tuo
867 2597 961 2657 edicto
984 2600 1166 2665 continetur;
1190 2616 1280 2676 (piene
1302 2599 1387 2658 etiam
1408 2599 1490 2677 quasi
1506 2616 1679 2677 oppressum

395 2705 452 2764 iam
475 2702 634 2762 Lutlrerum
658 2701 781 2759 iruicem
803 2699 857 2759 sibi
880 2699 1078 2778 gratulantur,
1108 2699 1179 2759 uniri
1207 2698 1461 2781 inclementissima
1483 2719 1605 2779 ortuque
1628 2701 1679 2761 de·

395 2806 556 2872 minantum
579 2802 656 2881 ‹prrod
680 2807 710 2862 ut
733 2820 834 2879 pares,
858 2820 917 2860 non
940 2802 1069 2862 desinam
1092 2809 1189 2862 tamen
1212 2800 1285 2864 veile
1307 2822 1424 2864 serrare
1446 2812 1490 2870 te;
1514 2804 1625 2863 etiamsi
1647 2810 1715 2869 tneo

395 2926 442 2967 mc
458 2906 582 2985 perdere
598 2905 723 2983 cogites,
747 2902 792 2963 rel
814 2905 934 2964 inritum
958 2903 1110 2964 retrahere
1132 2923 1148 2964 a
1172 2904 1270 2983 lapsu,
1292 2908 1420 2966 retinere
1443 2908 1572 2975 omina,
1596 2924 1679 2966 rem-

329 3028 465 3083 precare
486 3028 502 3068 a
526 3007 687 3085 perditione
710 3006 848 3065 ‹urnedron
894 3006 944 3065 sed
967 3007 1004 3066 de
1027 3025 1073 3066 me
1096 3005 1168 3066 deus
1190 3015 1219 3066 et
1241 3007 1369 3068 Fortuna
1393 3009 1528 3077 viderint,
1553 3010 1581 3067 in
1604 3027 1679 3087 prae·

395 3114 485 3173 sentia
509 3111 606 3186 magni
629 3127 692 3169 csse
715 3110 854 3169 momenti
877 3110 1010 3169 existimo
1033 3108 1279 3187 quemadmodum
1296 3117 1437 3170 tractetur
1452 3111 1546 3170 abste
1561 3107 1643 3194 [ιι-Ι
1676 3122 1719 3166 ιιιι

394 3217 509 3275 therus:
544 3230 601 3272 non
631 3210 726 3272 solnm
756 3211 833 3290 quod
856 3213 1043 3271 innocentem
1064 3212 1196 3271 danmari
1218 3212 1417 3289 turpissinuun
1441 3212 1543 3281 suerit,
1579 3230 1679 3272 verum

395 3318 481 3376 etiam
504 3315 582 3394 quod
604 3313 681 3374 haud
704 3314 765 3373 scio
788 3331 824 3373 an
847 3314 930 3390 peius
952 3311 1069 3373 aliunde
1092 3331 1179 3392 otram
1201 3313 1237 3373 ab
1260 3314 1346 3374 huius
1369 3316 1558 3393 oppressione
1581 3330 1715 3374 exem-es

328 3418 479 3497 §Appium
503 3418 660 3477 demanare
683 3416 782 3493 possit.
828 3432 896 3475 nam
924 3416 989 3493 quis
1017 3414 1110 3476 libere
1132 3416 1182 3476 tini
1206 3414 1349 3483 consulet,
1378 3417 1401 3476 si
1424 3417 1579 3477 suadentes
1601 3417 1680 3477 utilia

394 3540 453 3582 non
476 3519 568 3597 gratia
589 3526 702 3578 tantum
724 3536 783 3576 non
806 3519 925 3597 exeipit,
948 3517 1000 3576 sed
1022 3535 1107 3596 puna
1131 3520 1217 3578 etiam
1239 3519 1354 3579 manet?
1377 3518 1505 3597 Tempus
1520 3522 1575 3580 erit
1589 3538 1680 3598 qrium

395 3641 501 3701 magno
524 3628 655 3698 emptum
677 3620 755 3680 voles
777 3618 865 3679 talem
887 3619 939 3679 tiiri
961 3622 1152 3689 monitorem,
1176 3622 1281 3698 quipm
1304 3629 1407 3698 putare
1429 3639 1488 3681 non
1504 3622 1594 3681 debes
1609 3639 1681 3700 pau·

395 3745 446 3786 cos
468 3743 532 3785 esse
554 3742 632 3783 nunc
655 3722 807 3783 sollicitos:
832 3740 898 3781 nam
921 3722 974 3782 etsi
998 3720 1104 3781 inuitos
1126 3740 1185 3781 non
1207 3723 1288 3782 vides
1310 3724 1359 3801 qui
1379 3726 1492 3799 magnis
1507 3726 1544 3784 ita
1561 3732 1681 3783 eonten-

394 3827 522 3888 tionibus
537 3843 668 3886 caussam
685 3824 761 3884 itanc
776 3826 853 3901 apud
868 3832 897 3884 te
913 3830 1015 3902 agarrt,
1038 3832 1135 3884 tamen
1151 3827 1217 3902 quia
1234 3824 1390 3903 proclivius
1406 3845 1521 3904 semper
1537 3826 1590 3886 iuit
1606 3827 1678 3886 tier·
1690 3840 1715 3883 ao

395 3931 487 3990 manis
511 3928 644 3989 iaciendo
666 3926 756 3987 rebus
778 3928 838 3987 suis
860 3945 948 4005 qrram
970 3926 1117 4005 loquendo
1140 3925 1307 3995 consulere,
1337 3930 1411 3988 scias
1439 3928 1523 3987 bonis
1546 3929 1682 3988 ornnihns

396 4032 584 4093 vehementer
607 4048 686 4090 curre
709 4047 772 4090 esse
787 4030 907 4090 Lutireri
931 4028 1176 4095 im·uidmitetenr;
1205 4030 1292 4107 idrpre
1314 4028 1421 4089 multos
1444 4030 1571 4089 incinere
1592 4049 1680 4101 nune,

327 4134 474 4213 §nequod
497 4132 595 4192 induci
617 4140 647 4192 tu
671 4139 703 4192 nt
725 4132 852 4192 edietum
875 4131 931 4190 hoc
954 4148 1135 4209 proponeres
1157 4133 1296 4208 potueris.
1342 4132 1385 4191 Tu
1409 4151 1478 4192 vero
1501 4132 1569 4211 quid
1593 4150 1681 4209 expe·

395 4249 455 4297 ctas
478 4236 638 4295 orationem
662 4234 698 4294 air
722 4235 756 4294 iis
777 4251 904 4311 ortorum
928 4253 962 4294 ex
986 4232 1144 4312 gemitibus
1167 4238 1195 4292 et
1210 4235 1324 4293 tristitia
1341 4233 1409 4311 (prid
1427 4234 1515 4294 veiint
1530 4233 1681 4311 intelligis?

395 4339 478 4408 Quod
501 4344 612 4399 utnon
636 4338 685 4404 sit,
716 4343 813 4396 tamen
843 4335 972 4396 dicendae
996 4353 1106 4397 caussae
1129 4335 1206 4395 iiaud
1231 4336 1321 4395 debes
1343 4344 1374 4395 tu
1397 4343 1569 4414 potestatem
1593 4337 1717 4397 dorm-cs

396 4474 596 4484 ———

461 4542 469 4575 ¹
489 4546 552 4592 test.
568 4540 602 4606 e]
616 4542 678 4591 Vid.
692 4541 751 4591 Iud.
765 4541 832 4591 bibl.
846 4557 872 4606 p.
887 4538 940 4589 70*
952 4541 971 4589 i.
987 4540 1006 4589 f.
1059 4538 1070 4570 ²
1089 4544 1117 4588 et
1129 4544 1198 4589 eruic
1214 4544 1272 4592 d.7.
1341 4538 1351 4572 ⁴
1370 4546 1542 4591 servaturum
1560 4559 1628 4591 corr.
1644 4543 1680 4591 H.

394 4629 464 4679 ⁶illi
483 4629 612 4678 deleull.
669 4625 901 4676 'annectunt
938 4626 1214 4691 pretiun16.7.uhiq.
1273 4625 1293 4658 ¹²
1312 4627 1503 4676 eircuusedere
1523 4629 1546 4674 1.
1601 4642 1680 4677 occu-

394 4720 493 4781 pantur
512 4714 537 4762 3.
592 4711 612 4743 ¹³
631 4713 755 4762 Romanu
774 4711 822 4761 iile
842 4729 867 4777 q.
882 4715 907 4761 3.
956 4717 1152 4776 quantecumqe
1170 4714 1195 4760 2.
1260 4713 1283 4762 si
1302 4713 1355 4761 mit
1373 4713 1407 4760 iis
1426 4713 1517 4760 intr.
1588 4711 1680 4761 15ιιιο-

393 4804 459 4851 uent
479 4801 505 4848 3.
559 4803 669 4849 autores
689 4800 745 4845 6.7.
804 4795 981 4863 ¹⁷flagellus,
1002 4796 1213 4861 iampostm.
1273 4796 1292 4828 ¹³
1312 4794 1368 4861 tuo]
1388 4796 1439 4845 duo
1464 4800 1520 4847 6.7.
1578 4796 1681 4862 ¹²que·

394 4902 446 4951 que
465 4889 489 4934 2.
542 4883 679 4949 ²⁰perees
699 4886 724 4931 3.
777 4879 799 4911 ²³
818 4897 878 4931 esse
897 4882 1061 4947 magnida.
1115 4884 1210 4933 abste
1230 4887 1384 4932 treceni.
1437 4881 1459 4913 ²³
1479 4882 1636 4934 suadenteis
1656 4887 1680 4934 t.

393 4971 415 5003 ²³
438 4977 506 5020 tant.
526 4972 617 5034 pratia
637 4973 662 5017 3.
716 4983 794 5032 quom
814 4971 838 5017 2.
880 4982 940 5018 cum
960 4970 1020 5016 Μ.
1083 4967 1105 5002 ²⁸
1129 4970 1329 5034 quipro=pro
1349 4983 1401 5034 qno
1470 4967 1492 5001 ³²
1514 4969 1681 5020 incoicorr.

395 5059 443 5116 lt,
463 5056 579 5106 saltitem
598 5056 696 5106 educe
715 5054 740 5101 3.
793 5052 815 5084 ³³
835 5055 979 5119 exspem.
1032 5052 1054 5086 ³⁴
1072 5055 1194 5105 tristicie
1214 5056 1271 5103 Μ.
1308 5054 1401 5103 tristia
1420 5057 1479 5103 6.7.
