3934 6034
405 689 618 741 cccxxxfflr.
640 702 828 739 aavuursasrt
842 704 895 738 eno
909 702 1038 738 nvrrsao
1050 703 1087 737 an
1099 702 1202 736 erasm
1216 701 1356 737 sronurau
1370 702 1533 737 nascerere.
1570 670 1643 742 343

359 864 496 922 laboribus
518 865 635 939 aliquam
663 865 746 920 ricem
776 864 911 938 recipere,
944 880 1005 919 curu
1034 871 1062 917 tu
1091 879 1189 936 negare
1217 878 1271 916 uon
1302 862 1392 935 possis
1420 865 1476 917 lere
1504 862 1555 918 boc
1583 862 1643 919 solo

359 959 465 1026 quastu
489 959 515 1005 te
538 968 608 1007 uurrc
630 949 680 1010 ali.
714 958 742 1005 et
770 950 910 1005 marimum
942 948 1045 1004 lucrrrm
1075 956 1245 1022 reportasse,
1280 946 1372 1002 multis
1401 948 1478 1003 arinis
1506 948 1575 1002 iam?
1608 965 1642 1003 an

358 1036 443 1091 latere
465 1054 514 1091 uos
537 1045 616 1110 putas
639 1036 746 1109 qrmutis
770 1036 913 1108 impensis,
949 1042 1052 1107 (putante
1081 1034 1152 1089 lastu
1182 1042 1208 1088 te
1238 1049 1308 1087 rrunc
1336 1033 1407 1088 louet
1438 1031 1547 1088 aarum
1576 1032 1642 1088 l'ro·

358 1121 466 1183 benius,
491 1122 532 1176 rix
553 1121 730 1176 ‹lueeutorum
753 1137 897 1175 aureorum
919 1123 1047 1192 sumptu't
1070 1119 1095 1173 ld
1120 1128 1148 1173 tu
1171 1119 1193 1173 si
1217 1118 1370 1189 negaveris,
1395 1119 1420 1172 iu
1436 1116 1537 1173 llasileu
1562 1135 1641 1173 riorum

339 1207 412 1263 aliae
435 1224 489 1262 uun
513 1207 595 1261 norit.
640 1205 716 1273 [lrrod
739 1205 823 1279 igitur
846 1205 893 1260 ubi
916 1204 994 1264 lieet..
1019 1203 1069 1258 soli
1086 1202 1205 1259 lluttcno
1228 1220 1282 1259 nou
1306 1200 1419 1258 licebat?
1443 1203 1494 1257 Sed
1516 1202 1582 1257 uilril
1599 1211 1641 1258 cst

357 1292 408 1348 lmc
432 1293 543 1352 mirum,
566 1308 626 1347 cum
650 1308 698 1346 uec
721 1291 747 1345 iu
770 1299 827 1345 tota
851 1289 896 1345 illa
917 1290 1036 1363 Spongia
1057 1306 1138 1358 prave
1161 1288 1298 1362 quippiam
1321 1296 1366 1342 aut
1389 1288 1499 1360 digmuu
1523 1288 1572 1342 liele
1595 1288 1641 1343 lia·

357 1376 437 1438 lucas,
461 1395 540 1451 quam
564 1377 635 1450 (praed
659 1376 818 1449 suspicaris,
841 1375 957 1434 divinas,
981 1375 1138 1446 arrgrrraris.
1163 1374 1345 1447 improperas,
1369 1391 1423 1428 nou
1447 1373 1518 1446 ‹pririd
1541 1372 1639 1435 rirlisti,

357 1461 403 1517 sed
428 1463 499 1535 quod
524 1462 652 1535 ‘apparet'
674 1469 701 1515 et
725 1461 853 1521 ⁴tutetur,
884 1460 963 1532 ‘quod
988 1458 1139 1514 retuderunt
1162 1459 1247 1513 aurici*
1274 1466 1300 1512 et
1331 1467 1369 1512 ‘ex
1401 1457 1555 1513 rrrruoribus
1577 1477 1641 1513 eon·

356 1555 465 1621 ceptum
492 1547 551 1603 est’.
596 1549 683 1618 Atque
712 1546 879 1619 dispeream,
914 1546 935 1599 si
967 1544 1085 1615 digniori
1118 1542 1197 1599 titulo
1221 1542 1365 1617 'potuisses
1396 1543 1527 1616 insignire
1561 1561 1640 1617 quani

325 1646 348 1684 to
358 1632 477 1705 Spongia
499 1630 540 1686 rel
563 1631 684 1691 Pumice,
708 1639 754 1685 aiut
777 1632 799 1684 si
823 1630 886 1703 quid
909 1638 951 1684 est
973 1630 1053 1684 etiam
1077 1628 1195 1702 Spongia
1218 1627 1311 1683 leuius.

421 1712 518 1793 [stoa]
563 1733 613 1772 nu.
638 1716 754 1771 Miseret
776 1731 818 1770 me
834 1716 956 1771 Hutteni
975 1714 1180 1785 parantumlilrct
1201 1714 1302 1780 bostis,
1325 1716 1351 1767 si
1371 1714 1427 1769 buc
1449 1715 1525 1768 illius
1544 1713 1640 1785 sortia-

355 1819 401 1858 ace
423 1804 595 1857 reciderunt.
662 1817 712 1857 or.
736 1803 770 1855 nt
792 1801 911 1856 nandum
927 1800 1086 1855 reciderant.
1130 1798 1184 1854 lma
1201 1799 1325 1853 misereat
1342 1807 1367 1854 tc
1384 1799 1422 1854 tui
1438 1799 1544 1873 potius,
1568 1800 1640 1872 quiid

357 1887 469 1942 ridendo
493 1904 546 1942 uon
568 1887 654 1947 rides.
686 1895 794 1942 etcum
817 1886 915 1941 debeas
937 1902 989 1958 pro
1013 1885 1143 1957 teuqmris
1173 1885 1277 1938 ratione
1304 1884 1401 1940 doctor
1428 1902 1502 1945 csse,
1532 1902 1639 1940 rursum

358 1990 427 2046 opus
450 1972 545 2030 babes,
570 1980 599 2026 ut
622 1980 648 2027 tc
670 1972 813 2027 doceamus
836 1989 896 2044 (pue
919 1970 973 2025 siut
996 1968 1128 2025 elementa
1151 1969 1220 2024 initii
1244 1968 1420 2041 eloquiorum
1437 1969 1489 2024 dei.

325 2069 349 2108 ¹⁵
421 2051 518 2133 [etot]
565 2073 614 2112 nu.
643 2056 720 2122 Iam,
750 2064 780 2110 ut
802 2059 902 2121 audio,
934 2057 1095 2110 narmerauit
1116 2056 1225 2126 aliquid
1246 2054 1452 2125 typoprapltus.
1519 2070 1569 2111 or.
1594 2055 1640 2110 llic

356 2141 499 2215 aliquando
523 2142 549 2196 in
571 2140 693 2214 iugulum
716 2150 826 2214 receget
848 2141 1014 2197 rrieudacium
1037 2141 1088 2195 liae
1111 2139 1167 2194 tibi.

420 2220 518 2302 [stlta]
562 2243 612 2282 sa.
641 2225 792 2297 Superest,
822 2234 853 2281 ut
880 2227 1019 2280 adhortor
1040 2240 1136 2279 enarres
1158 2227 1296 2280 bonarum
1318 2225 1467 2280 literarum
1490 2226 1639 2291 studiosas,

355 2318 408 2367 etc.
474 2327 525 2366 οἰκ
549 2311 605 2366 lloe
627 2312 717 2385 itaque
740 2311 898 2385 expediebat
919 2309 1075 2384 reipublicae
1098 2310 1270 2370 Claristiaurr,
1294 2318 1320 2365 et
1336 2326 1370 2364 nc
1386 2309 1463 2364 linum
1479 2309 1564 2364 literae
1581 2310 1640 2364 red·

355 2397 485 2452 darentur
507 2397 656 2452 invidiosae:
686 2397 732 2451 sed
754 2396 816 2452 elram
840 2405 903 2451 sunt
925 2395 970 2468 qui
994 2413 1049 2450 uou
1071 2405 1192 2457 cessant,
1222 2395 1315 2450 barum
1345 2395 1406 2449 laeti
1438 2412 1532 2468 spaera,
1562 2412 1641 2449 erau-

320 2480 456 2553 angelium
478 2480 634 2537 ealumuiari
657 2490 684 2536 ot
707 2482 865 2542 retundere,
888 2481 967 2536 uobis
991 2481 1041 2535 boc
1064 2481 1224 2536 studendum
1247 2489 1289 2535 cst
1312 2480 1426 2534 vicissim
1443 2488 1473 2535 ut
1488 2479 1580 2554 potius
1595 2498 1640 2535 cs·

356 2565 496 2622 turbemus
519 2584 625 2621 eiurnem
648 2566 829 2639 eloquentiam
853 2584 931 2640 quarn
954 2566 1074 2620 sinamus
1097 2566 1129 2620 iri
1152 2567 1295 2621 extinctam
1319 2564 1455 2638 pictatem.

419 2646 516 2728 [esai]
561 2668 611 2707 nu.
641 2651 696 2718 Quis·
714 2651 815 2722 fauerit
836 2653 996 2723 enernpclia,
1025 2653 1066 2705 sic
1085 2649 1206 2721 saueout
1227 2652 1393 2721 simpliciter
1415 2668 1450 2706 ac
1468 2651 1638 2722 prudenter,

354 2752 390 2791 ne
402 2738 496 2807 sitirent
509 2738 695 2792 clanculariis
715 2743 743 2791 et
764 2739 909 2792 maledicis
930 2738 1030 2791 libellis
1050 2738 1079 2790 iu
1099 2737 1275 2807 pontificem,
1298 2737 1400 2806 quibus
1413 2737 1558 2807 enanpelia
1572 2751 1639 2790 eori-

352 2823 454 2893 tlemus
475 2824 618 2877 inuidiam.
684 2837 734 2878 or.
759 2822 802 2878 Sic
824 2821 971 2877 latebimus
993 2820 1141 2895 prudenter
1162 2830 1190 2877 et
1211 2820 1384 2895 simpliciter,
1408 2830 1437 2876 ut
1460 2820 1568 2876 iuterim
1591 2838 1639 2875 no·

320 2906 435 2963 salimus
459 2907 551 2963 loedari
575 2907 726 2980 pharisaico
744 2908 917 2962 traditionum
934 2906 1133 2981 pontificiorum
1151 2907 1292 2961 tormento.
1336 2905 1515 2962 clancularius
1530 2904 1638 2960 libellos

354 3008 386 3046 ex
410 2993 512 3047 nostris
536 3009 615 3048 ueruo
638 2992 715 3052 cdet;
739 2993 873 3047 incessere
897 3010 959 3046 vero
983 2989 1119 3047 maledicis
1143 2990 1241 3046 libellis
1264 2990 1418 3065 pontificem
1434 2991 1567 3046 interdum
1584 2990 1638 3045 exi·

353 3077 493 3132 stimamus
517 3077 712 3133 necessarium:
741 3077 803 3132 dum
827 3078 898 3132 enim
922 3076 988 3132 uilril
1010 3077 1044 3131 de
1068 3076 1207 3149 tpranuidc
1231 3077 1344 3132 remittit
1366 3094 1427 3138 sua,
1457 3084 1484 3130 et
1506 3093 1538 3131 er
1560 3093 1638 3131 ciran-

353 3161 425 3234 gello
449 3161 580 3235 quandam
603 3163 770 3218 buclanicum
794 3162 872 3217 uobis
895 3160 1012 3217 tabulam
1036 3161 1113 3221 lacit,
1141 3160 1261 3217 exaltans
1290 3180 1318 3216 se
1347 3179 1429 3235 super
1458 3178 1536 3216 ornne
1566 3160 1638 3234 quod

354 3248 509 3302 uerriinatur
530 3247 610 3308 (leus,
641 3247 679 3302 sic
708 3247 855 3303 mouendus
878 3256 905 3302 et
927 3246 1090 3302 adoriendus
1113 3254 1168 3308 est,
1200 3256 1230 3302 ut
1251 3246 1337 3301 discat
1360 3264 1414 3302 neu
1436 3245 1520 3301 altum
1544 3264 1639 3319 sapere

318 3340 382 3389 niet
404 3331 603 3405 blasphemare,
633 3333 679 3388 sed
708 3349 803 3406 sapere
832 3332 864 3387 ad
891 3332 1074 3387 sobrietatem.
1119 3331 1219 3398 Ortodsi
1247 3332 1316 3405 apud
1340 3331 1416 3387 illum
1439 3339 1466 3387 et
1489 3349 1554 3386 suos
1576 3348 1640 3386 cou-

353 3417 448 3471 llamus
471 3416 610 3490 evangelio
634 3417 771 3477 invidiam,
795 3418 863 3490 apud
886 3417 1028 3472 credentes
1052 3425 1139 3472 tamen
1163 3417 1271 3472 minirne
1293 3417 1450 3472 contlmuus.

418 3496 516 3580 [stuta]
560 3519 609 3558 un.
641 3501 694 3568 Qut
720 3504 796 3557 docti
821 3508 901 3567 sieut,
928 3504 1005 3557 iuter
1026 3517 1087 3557 sese
1109 3500 1263 3572 reviserant
1284 3503 1318 3557 de
1341 3504 1463 3557 tollendo
1484 3502 1561 3556 orbis
1582 3503 1638 3557 dis-

352 3588 432 3642 sidio.
499 3604 550 3643 or.
573 3586 629 3643 llos
651 3596 710 3643 erat
732 3588 936 3662 episcoporum.
960 3587 1006 3642 sed
1029 3604 1086 3660 prm
1108 3586 1309 3647 venationibus,
1333 3604 1446 3661 pompa.
1471 3586 1533 3641 luxu
1549 3594 1576 3641 ct
1593 3605 1638 3641 ue·

353 3673 439 3745 gociis
462 3671 628 3728 secularibus
651 3689 705 3727 nou
727 3672 803 3734 lieet;
833 3690 920 3745 neque
948 3671 1062 3727 eruditis
1093 3689 1201 3746 quoque
1230 3674 1400 3728 committere
1429 3672 1564 3745 integrum
1587 3681 1637 3726 cst.

317 3757 405 3814 aaScd
428 3757 509 3830 louge
532 3757 581 3812 alia
606 3774 649 3812 res
672 3765 714 3812 est
737 3757 904 3830 evangelium
927 3775 1006 3831 quam
1030 3756 1069 3812 rel
1093 3756 1146 3812 illis
1169 3757 1208 3812 rel
1233 3756 1281 3811 tibi
1303 3757 1389 3813 adlmc
1404 3766 1571 3831 compertum
1588 3766 1638 3816 est.

353 3851 384 3897 ut
406 3843 490 3899 rideo
535 3843 604 3897 uuile
629 3842 906 3914 iruprudeutissinmm
929 3850 971 3897 est
993 3842 1074 3897 etiam
1097 3841 1148 3897 boc
1169 3841 1312 3897 consilium
1337 3851 1421 3898 tuum.

418 3921 516 4004 [etun]
561 3944 612 3982 sn.
642 3927 766 3983 Secretis
795 3930 885 3983 literis
914 3929 1039 3982 tradicent
1062 3929 1194 3997 paritifiei
1213 3934 1264 3982 etc.
1332 3944 1383 3985 er.
1413 3928 1507 3982 littera
1531 3943 1574 3981 res
1597 3935 1639 3981 est

352 4012 535 4085 evangelium,
559 4029 646 4086 neque
668 4030 784 4087 persona
807 4029 895 4086 neque
919 4021 1041 4085 tempore
1064 4029 1151 4085 neque
1174 4011 1234 4067 loco
1254 4022 1375 4071 arcetur:
1399 4030 1481 4086 quare
1496 4012 1577 4067 etium
1593 4030 1639 4085 pa·

353 4098 405 4153 lam
427 4098 577 4153 docendum
599 4106 641 4152 est
664 4098 689 4152 in
714 4098 838 4152 omuibus
861 4098 946 4152 triviis
968 4105 996 4151 et
1018 4114 1101 4170 super
1123 4098 1211 4152 tectis.
1256 4099 1301 4154 sed
1331 4098 1394 4172 quid
1423 4096 1494 4171 quod
1524 4095 1569 4152 ille
1594 4114 1639 4151 nc·

316 4200 406 4256 toque
430 4190 548 4238 secretas
571 4199 657 4256 neque
680 4192 788 4256 apertas
809 4183 1033 4239 commonitiones
1054 4180 1155 4256 aliquid
1178 4183 1259 4238 lucit?

417 4249 523 4345 [titt-J
561 4284 610 4323 nn.
634 4268 706 4322 Ilum
730 4270 802 4321 euim
825 4270 886 4322 siue
905 4270 963 4338 fine
978 4269 1129 4334 rixamur,
1153 4286 1190 4323 an
1205 4270 1242 4323 sit
1257 4269 1373 4339 aliquod
1386 4284 1458 4339 opus
1472 4270 1573 4324 baurim
1589 4267 1638 4321 lra-

352 4354 454 4407 nu‘uis?
520 4368 570 4409 or.
594 4353 651 4407 llou
675 4354 805 4414 rixamur,
829 4353 875 4407 sed
898 4353 941 4426 pie
963 4352 1091 4408 docemus
1115 4354 1141 4407 iu
1165 4371 1246 4426 opera
1269 4353 1402 4409 diluendum
1426 4371 1479 4410 nou
1495 4372 1569 4415 esse,
1594 4371 1639 4408 ue·

353 4456 405 4511 que
429 4455 479 4493 uos
503 4438 600 4493 mereri
622 4438 701 4493 ritatn
725 4455 820 4511 posse,
850 4438 895 4492 sed
919 4438 1056 4493 Christum
1078 4439 1224 4498 nieruisse,
1252 4438 1387 4493 Christum
1417 4457 1467 4511 pro
1491 4440 1568 4494 uobis
1592 4440 1640 4494 im·

353 4521 469 4596 plevisse
491 4521 588 4595 legem.
634 4524 680 4578 sed
709 4541 758 4578 nec
780 4522 955 4596 probibemus
978 4524 1058 4578 etiam
1082 4541 1178 4597 opera.
1209 4524 1261 4578 imo
1285 4523 1423 4584 iubeums,
1452 4525 1532 4580 ruodo
1554 4523 1639 4580 libere

318 4609 420 4668 asliant
441 4616 469 4663 et
491 4626 522 4663 eu
545 4607 604 4663 bele.
648 4609 700 4663 lam
723 4616 803 4681 putas
825 4597 1046 4663 dissimulandtdu
1069 4607 1148 4663 nobis
1171 4608 1206 4663 sit
1228 4609 1260 4664 ad
1284 4609 1448 4683 imposturas
1479 4617 1506 4665 et
1533 4610 1640 4665 nmmla·

353 4694 393 4749 cia
423 4701 607 4748 creaturarum
638 4711 727 4767 papa,
756 4693 787 4747 aul
817 4693 947 4748 vanitates
978 4701 1005 4747 et
1036 4694 1153 4748 insanias
1182 4693 1277 4756 salsas,
1305 4695 1407 4750 ultimae
1430 4696 1495 4751 leeis
1517 4702 1544 4750 et
1566 4696 1639 4749 ‹liele-

352 4779 445 4834 ctricis
467 4779 557 4850 gentis
580 4778 772 4834 monachorum
795 4785 823 4833 et
845 4778 1032 4839 sacerdotum,
1056 4779 1102 4851 qui
1126 4779 1178 4834 bue
1200 4796 1307 4836 anitium
1330 4780 1444 4836 salutem
1467 4797 1541 4836 suam
1556 4780 1642 4835 desti*

419 4960 525 5011 ³louet
543 4978 635 5011 enarres.
688 4960 851 5026 tquielps.
903 4960 1050 5027 ⁰dilperia‘t
1070 4963 1126 5010 1.2.
1185 4961 1206 4994 ¹³
1225 4960 1289 5027 etc]
1309 4969 1379 5012 ut...
1394 4964 1547 5013 insidiosas
1564 4981 1637 5028 repc-

354 5051 384 5097 tit
399 5050 424 5095 3.
460 5045 811 5124 ²⁵Pontificiorumomnes,
829 5046 991 5097 substantioe.
1033 5043 1086 5077 Μ*
1098 5052 1270 5112 negot-sare.
1286 5053 1312 5100 3.
1353 5046 1375 5079 ³⁷
1388 5065 1422 5100 aa
1435 5049 1537 5099 Caesari
1549 5048 1598 5100 &a
1613 5053 1638 5100 3.
