3934 6034
479 709 635 760 ccuuxu.
656 726 759 759 nussim
774 728 809 760 in
823 727 986 761 oocnnuirii
1001 726 1202 761 suciiurissniii
1216 724 1257 757 er.
1273 725 1298 757 n.
1313 717 1333 756 t.
1347 725 1441 759 aruir..
1457 716 1515 758 tati.
1570 693 1643 763 405

356 888 408 942 iarn
431 888 456 940 in
480 885 585 959 aliquot
607 885 767 960 exemplaria
790 897 955 960 propagatae.
999 887 1056 961 Ego
1072 887 1196 958 cogitans
1212 903 1258 948 ne,
1283 886 1354 960 quod
1378 902 1422 941 res
1444 894 1515 947 erat,
1538 892 1643 939 cstorta

359 972 472 1046 pecunia
501 979 590 1027 tamen
619 979 683 1045 post
710 972 840 1027 edendum
871 971 992 1028 libellum
1020 973 1099 1028 (itiam
1123 973 1340 1032 viruleiitiorem.
1371 971 1463 1027 monui
1486 970 1587 1025 amicos
1610 986 1642 1024 iie

357 1056 420 1131 qnid
443 1057 547 1111 darent.
592 1057 709 1128 egebant
738 1066 827 1112 autem
852 1066 966 1131 uterque
990 1058 1102 1121 misero,
1126 1059 1196 1113 sicut
1219 1058 1270 1113 boc
1292 1056 1430 1111 bominum
1453 1073 1539 1129 geniis
1562 1053 1641 1115 solet,

355 1142 470 1198 debebat
494 1150 608 1215 uterque
630 1143 754 1198 animam.
799 1142 933 1198 lluttenus
956 1143 1018 1199 bine
1042 1145 1132 1199 iussus
1147 1153 1188 1199 est
1204 1143 1356 1199 discedere:
1380 1141 1499 1197 lliltbusi
1516 1150 1568 1195 tam
1585 1147 1643 1195 erat

334 1228 460 1283 iinvisus
482 1226 621 1289 omuibus,
651 1235 681 1283 iit
704 1228 729 1281 ni
753 1227 868 1288 abisset.
898 1227 968 1284 eires
997 1229 1166 1284 minarentur
1193 1246 1222 1284 se
1244 1235 1426 1301 perrupturos
1449 1225 1642 1281 monasterium

356 1312 612 1386 Augustinensium
643 1314 669 1368 iri
693 1329 747 1387 quo
770 1313 893 1369 latitabat
915 1314 1006 1370 lurore
1030 1314 1182 1369 secretarii:
1213 1314 1297 1368 media
1320 1321 1400 1367 nocte
1422 1312 1549 1366 dimissus
1570 1309 1643 1366 clan-

355 1397 446 1454 culum
475 1397 581 1471 aufugit
604 1398 783 1470 Tburregium
813 1398 883 1471 (quae
911 1398 1006 1455 civitas
1035 1400 1215 1455 addictissimi
1243 1406 1285 1454 est
1312 1397 1443 1453 doctrinae
1471 1395 1641 1469 Zviuglianae.

359 1501 438 1556 quam
461 1483 596 1538 botherus
618 1500 689 1539 nunc
711 1484 831 1544 daumat.
856 1484 987 1557 incipiens
1010 1502 1080 1539 nunc
1103 1502 1165 1540 sero
1188 1484 1341 1540 meminisse
1363 1500 1377 1537 a
1401 1499 1442 1537 me
1465 1482 1548 1537 toties
1570 1498 1643 1536 corii·

355 1568 487 1623 mendatio
509 1568 660 1638 modestiae)
684 1578 711 1624 et
734 1567 787 1624 illic
811 1570 903 1643 paucis
924 1569 1020 1625 diebus
1046 1569 1185 1631 latitabat;
1214 1578 1277 1643 post
1305 1567 1409 1641 aliquot
1436 1566 1531 1622 diebus
1554 1582 1642 1620 versa·

324 1662 402 1709 iiius
424 1661 467 1708 est
489 1661 564 1708 eitra
586 1654 721 1709 civitatem
745 1655 813 1727 apud
837 1655 1005 1710 sacerdotem
1028 1655 1175 1728 quendam;
1198 1655 1297 1727 ubique
1321 1670 1384 1708 roro
1407 1652 1507 1707 amicos
1531 1650 1642 1706 mulcta·

357 1739 402 1795 bat
425 1738 554 1812 pecunia:
585 1739 691 1794 tandem
720 1740 878 1811 demigravit
906 1740 932 1794 in
962 1739 1076 1796 insulam
1105 1740 1179 1795 lacus
1203 1740 1344 1813 Tygurini.
1375 1738 1420 1792 ubi
1444 1746 1567 1793 mortuus
1590 1743 1640 1791 est.

356 1824 407 1880 Sed
431 1832 493 1878 aute
517 1832 630 1879 mortem
654 1823 769 1898 epistola
786 1824 927 1880 llutteiiica
951 1826 1030 1881 etiarn
1053 1824 1147 1899 procul
1164 1825 1323 1880 mittebatur
1338 1823 1369 1877 ad
1386 1823 1542 1882 Germanos.
1567 1821 1695 1894 quodid.

356 1927 410 1965 non
434 1917 547 1982 possent
571 1910 689 1964 invenire
712 1910 926 1984 typographum:
956 1927 1004 1966 nec
1028 1911 1187 1971 invenisset.
1218 1910 1269 1964 nisi
1293 1909 1445 1965 scelerosus
1467 1906 1642 1982 Eppbendor·

357 1995 433 2068 pius,
458 2011 540 2066 quum
557 1993 599 2048 bic
615 1994 650 2048 ob
665 2013 703 2049 as
718 1994 834 2050 alienum
851 2013 881 2050 ae
897 1996 1065 2068 suspiciones
1081 1996 1218 2050 bominum
1236 2012 1288 2050 non
1304 2001 1398 2068 posset
1420 1992 1522 2047 diutius
1544 1991 1641 2051 vivere,

326 2079 408 2135 iasub
430 2087 563 2152 praetextu
586 2079 662 2151 quasi
685 2087 791 2153 peteret
814 2080 942 2136 Tbermas
965 2081 1110 2142 lladenses,
1133 2081 1323 2153 commigraret
1347 2080 1565 2151 Argentoratum.
1604 2075 1640 2130 lbi

355 2165 396 2219 rix
425 2181 498 2236 aegre
527 2164 662 2237 persuasit
686 2165 857 2239 typographo
886 2164 952 2220 nibil
984 2183 1044 2221 csse
1072 2164 1270 2226 aniarulentiae,
1299 2172 1327 2219 ct
1349 2163 1446 2219 Scottis
1475 2161 1520 2217 ille
1543 2161 1641 2217 misere

356 2248 488 2304 inridebat
504 2248 651 2310 Frobenio,
675 2250 899 2323 quemadmodum
921 2251 977 2306 lere
1001 2268 1107 2312 omnes,
1131 2251 1200 2306 unde
1223 2250 1339 2308 amicitia
1355 2248 1481 2303 l'robenii
1497 2247 1561 2303 mibi
1577 2263 1641 2302 con·

356 2334 427 2389 llavit
450 2350 573 2406 maguam
597 2334 729 2389 invidiam.
774 2336 891 2391 Tandem
914 2336 1015 2409 prodiit
1038 2335 1225 2409 Expostiilatio
1248 2334 1435 2409 sycophantae.
1465 2333 1544 2406 plena
1567 2333 1696 2387 meri-ts.

354 2419 450 2480 daciis.
480 2428 510 2474 ut
537 2419 652 2492 quisque
680 2419 706 2474 in
735 2419 954 2476 confabulatione
982 2428 1159 2494 suggesserat
1179 2420 1358 2476 Lutheraniis.
1402 2418 1459 2491 Ego
1482 2435 1543 2474 mox
1564 2434 1642 2490 para·

323 2513 445 2560 triveram
468 2504 688 2576 responsionem.
717 2506 763 2559 sed
786 2505 957 2567 adcedam,
987 2513 1017 2560 ut
1040 2523 1088 2561 nec
1111 2505 1260 2561 Frobeniiis
1283 2522 1332 2559 nec
1362 2504 1458 2559 lleatiis
1488 2503 1585 2564 sciret:
1615 2509 1642 2557 et

355 2589 550 2664 propemodum
573 2589 741 2645 ‹lecreveram
764 2608 900 2663 premere,
930 2591 976 2646 sed
1006 2591 1198 2664 instigantibus
1225 2591 1267 2645 his
1295 2589 1380 2646 emisi.
1424 2588 1510 2655 (luuin
1538 2588 1641 2642 interea

355 2677 515 2749 frequenter
537 2674 609 2728 inter
632 2691 682 2728 nos
704 2675 884 2731 scriberemus
907 2675 1042 2731 lluttenus
1065 2685 1092 2731 et
1115 2694 1181 2748 ego.
1205 2676 1277 2731 venit
1300 2692 1351 2730 una
1374 2673 1489 2747 epistola
1513 2690 1573 2746 quae
1595 2689 1641 2745 pa·

355 2760 408 2816 lam
438 2759 571 2833 prodebat
593 2758 796 2834 Eppbcndorpii
823 2760 971 2834 perfidiam.
1017 2762 1108 2835 itaque
1137 2779 1197 2816 cuin
1225 2768 1385 2833 gravaretur
1414 2758 1569 2832 suspicione
1590 2756 1642 2831 Ep·

355 2845 532 2919 pbendorpii,
557 2845 709 2918 impetravit
731 2845 874 2919 epistolam
898 2846 930 2901 ab
954 2846 1087 2908 lbitteno‚
1120 2847 1164 2919 qui
1189 2855 1245 2901 tum
1267 2853 1325 2900 erat
1348 2843 1491 2915 Tbiircgii,
1521 2860 1581 2916 quae
1603 2851 1642 2897 te·

319 2938 476 2986 tostarctiir
499 2929 734 3003 Eppbimdorpiiim
758 2947 865 3004 semper
887 2931 1047 2987 dissuasisse
1076 2932 1174 3006 nequid
1206 2930 1337 2987 scriberet
1366 2929 1391 2984 in
1415 2927 1567 2989 Erasmum;
1596 2927 1641 2982 sed

355 3016 407 3071 boc
429 3016 496 3069 adeo
519 3015 617 3087 frigide
640 3014 788 3077 scribebat,
813 3024 842 3071 iit
865 3017 950 3088 magis
973 3026 1096 3088 gravaret
1119 3034 1178 3071 euro
1202 3033 1281 3089 quam
1304 3013 1445 3089 purgabat.
1490 3016 1578 3085 Atque
1601 3013 1640 3067 in·
1651 3019 1696 3067 tt.

355 3100 434 3155 terim
451 3099 677 3173 Eppbcudorpius
700 3100 865 3156 subornabat
889 3102 935 3175 qui
959 3101 1023 3156 mibi
1047 3101 1116 3156 lictis
1139 3101 1293 3156 nominibus
1309 3099 1452 3155 redderent
1468 3098 1570 3153 locatas
1587 3097 1643 3171 epi·

354 3183 454 3246 stolas,
478 3202 508 3239 en
532 3184 630 3258 quibus
652 3185 753 3240 sciebat
776 3203 818 3241 me
841 3186 1040 3260 suspicaturum
1063 3186 1126 3259 qiud
1150 3185 1200 3240 sibi
1224 3184 1317 3247 vellet,
1340 3202 1389 3239 uec
1412 3192 1500 3238 tamon
1517 3181 1641 3237 baberem

354 3287 446 3326 ansam
469 3286 528 3325 cuin
553 3268 599 3324 illo
622 3270 817 3343 expostulandi.
862 3271 919 3343 Ego
941 3271 1118 3327 dissimulatis
1147 3271 1188 3325 bis
1217 3270 1341 3325 omnibus
1370 3269 1397 3323 in
1420 3268 1539 3342 Spongia
1567 3266 1642 3321 illiiiii

322 3355 473 3411 ”civiliter
495 3355 621 3415 tractari,
645 3355 751 3428 qnando
774 3357 938 3412 mentionem
961 3355 1033 3411 illius
1055 3356 1113 3412 fieri
1135 3373 1274 3411 necessum
1297 3363 1363 3410 erat.
1400 3353 1524 3408 ‘astinem'
1546 3351 1642 3425 scripsi

357 3439 509 3496 'llutteno’:
539 3439 577 3494 sic
606 3440 676 3495 enim
706 3440 771 3496 mibi
800 3450 986 3515 persuaserat:
1014 3449 1042 3496 at
1062 3442 1159 3496 Petrus
1182 3439 1344 3496 llosellanus
1368 3438 1435 3494 lecta
1459 3437 1578 3511 Spongia
1601 3454 1643 3491 re·

354 3525 466 3598 scripsit
489 3524 547 3591 ‘Qui
563 3524 666 3586 adluis,
690 3543 772 3598 quum
788 3535 896 3582 constet
919 3526 994 3581 illum
1017 3543 1077 3582 esse
1093 3525 1226 3599 plebeium
1235 3526 1255 3579 'l’
1278 3528 1311 3579 dt
1327 3533 1415 3581 tamen
1431 3522 1643 3578 Cenabo-Thra·

354 3626 449 3665 sonem
473 3618 597 3665 nostrum
620 3610 785 3671 ollenilebat,
816 3612 888 3684 quod
910 3612 999 3667 dictus
1021 3620 1093 3666 esset
1115 3611 1245 3671 Achates,
1275 3619 1303 3666 et
1325 3609 1395 3664 edita
1419 3608 1538 3683 Spongia
1561 3625 1643 3681 erpo·

354 3694 466 3751 stulavit
488 3712 538 3768 per
558 3694 666 3757 literas,
691 3695 821 3751 simulans
843 3698 939 3752 mirum
962 3697 1101 3756 allectum.
1133 3714 1214 3769 quum
1237 3695 1345 3751 interim
1368 3701 1462 3768 ageret
1484 3693 1641 3750 sceleratam

318 3779 483 3835 ”tabulam
529 3777 560 3834 Et
583 3788 612 3835 ut
634 3781 782 3854 perspicias
806 3782 937 3854 insignem
961 3782 1078 3836 bominis
1101 3780 1244 3841 malitiam.
1273 3798 1305 3836 ei
1327 3779 1560 3836 commendatione
1583 3792 1710 3842 nicasio.

354 3865 460 3938 accepit
482 3863 592 3920 Basileia
615 3866 810 3939 quinquaginta
833 3884 939 3922 airreos.
983 3867 1124 3922 dicebatur
1146 3866 1197 3921 dui
1220 3867 1251 3921 ad
1276 3883 1317 3922 rue
1340 3866 1446 3920 misisse
1474 3882 1571 3920 munus
1600 3881 1642 3919 re·

353 3949 431 4022 gale,
462 3949 534 4023 quod
567 3957 655 4005 tamen
685 3968 739 4006 non
769 3950 902 4025 perlatum
926 3961 981 4012 ost:
1011 3952 1164 4025 suspicatus
1187 3969 1246 4006 sum
1269 3950 1505 4025 Eppbcndorpimii
1529 3950 1643 4005 interce·

353 4035 441 4109 pisse:
466 4052 525 4088 riam
549 4034 666 4107 lingebat
688 4053 766 4091 suuni
790 4035 917 4092 famulum
939 4037 1043 4110 perisse
1067 4037 1093 4090 in
1116 4036 1228 4097 itinere:
1252 4036 1302 4091 boc
1324 4036 1505 4109 praestruebat
1528 4035 1550 4090 si
1572 4034 1643 4089 sorte

354 4120 497 4175 rescissem
520 4119 552 4174 ad
575 4138 617 4175 nie
640 4121 747 4175 missam
771 4122 926 4202 pecuniam:
950 4122 1067 4177 nonduin
1092 4122 1155 4195 quid
1179 4121 1214 4176 sit
1235 4130 1339 4177 certum
1363 4120 1439 4194 potui
1462 4137 1643 4193 cognoscerc;

421 4389 432 4421 ²
452 4391 511 4438 Post
531 4389 610 4439 virid.
630 4392 757 4441 ceciderit
776 4395 904 4439 curarent
922 4394 960 4439 oe!
975 4394 1053 4441 ‚simite
1072 4393 1139 4456 qnid.
1223 4388 1243 4420 ¹⁶
1261 4386 1369 4453 Seotus]
1389 4389 1486 4438 Scliott.
1556 4386 1577 4418 ²⁹
1597 4405 1643 4437 an-

352 4474 422 4540 sam]
444 4476 474 4524 In
495 4478 518 4524 i.
539 4473 608 4523 esu*
626 4476 722 4525 Simius
741 4490 853 4525 causam
870 4493 890 4525 s.
911 4479 1011 4525 iustam
1031 4491 1151 4525 causam.
1205 4474 1227 4506 ⁸²
1246 4475 1351 4525 Corebo
1364 4474 1532 4524 Thrasonem
1553 4475 1576 4521 1.
1596 4475 1643 4522 So-

351 4567 412 4614 ,rius
439 4578 488 4627 per
517 4563 684 4623 ignorantium
711 4560 842 4624 prouerbii
864 4561 987 4610 Coroebo
1010 4561 1121 4610 stultior
1145 4558 1195 4625 (ef.
1209 4561 1318 4610 Erasini
1336 4560 1424 4624 Adng.
1443 4560 1485 4608 Fi.
1503 4557 1575 4607 1070.
1596 4558 1643 4608 toi.

352 4667 379 4714 p.
393 4647 463 4710 toi.)
483 4647 632 4694 coniectandi
650 4645 701 4693 boc
720 4644 832 4693 verbum
849 4662 899 4709 pro
919 4645 1033 4696 Corebo.
1065 4643 1209 4711 Κοροίβου
1227 4634 1412 4710 ἠλιθιώτερος
1425 4644 1526 4692 Zenob.
1541 4644 1588 4693 lV.
1602 4642 1643 4692 58.

353 4733 520 4797 lliogenian.
536 4731 566 4777 V.
585 4729 621 4778 1⁶2.
637 4736 664 4778 et
677 4729 718 4778 bd.
738 4728 971 4780 Coroelio-'lliruso
991 4735 1063 4796 qiiiisi'
1079 4732 1178 4779 ili'ccrea
1198 4731 1344 4779 Germanice
1362 4729 1410 4778 der
1423 4728 1535 4778 alberiae
1549 4729 1643 4778 Probl-

351 4820 422 4868 hous
441 4815 500 4879 (der
519 4816 655 4864 bornierte
675 4814 807 4879 Poltron).
860 4813 881 4845 ³³
900 4813 1030 4880 debatesl
1051 4816 1197 4865 fidissimos
1209 4815 1310 4865 Aeneae
1330 4829 1428 4863 coines.
1482 4812 1503 4843 ³⁶
1522 4813 1555 4862 50
1574 4811 1644 4879 nur]

352 4903 449 4968 Siquid
468 4903 526 4966 ipse
542 4899 738 4949 contribuisset
751 4891 922 4965 ὃωροβόρος.
944 4903 989 4951 ris
1008 4902 1150 4950 tacuisset.
1215 4899 1236 4930 ³⁷
1254 4901 1411 4963 suspicatus
1425 4896 1494 4963 suni]
1514 4900 1646 4948 iudanoma

348 4990 499 5051 sriiioli'tnte.
521 4987 555 5035 cf.
577 4984 783 5048 ipsiiisErusmi
802 4987 937 5050 epistulas
957 4986 1054 5050 quibus
1074 4987 1102 5034 in
1122 4986 1186 5034 edit.
1207 4982 1448 5049 iniquissimum.
1469 4983 1515 5033 lol.
1541 4985 1645 5033 numeri

352 5088 528 5124 ccccxxviii.
543 5078 570 5120 et
584 5084 711 5119 occasui.
731 5071 978 5136 superscribuntur.
