3934 6034
461 717 620 768 CCXLVII.
640 732 786 768 naussum
801 732 914 768 avscms
927 732 963 767 sn
977 732 1127 767 sss-assavit
1141 732 1183 766 ss.
1198 730 1224 765 n.
1238 725 1258 765 s.
1273 730 1331 764 uss.
1348 722 1406 763 tait.
1532 697 1580 769 63

292 897 352 948 tum
375 890 497 949 aacedit
517 891 657 949 arrdacia
682 893 754 962 illis,
788 891 871 963 diurn,
903 897 935 947 ut
959 892 1056 959 alitent,
1093 892 1185 947 sotum
1212 891 1309 947 latras
1337 905 1431 961 neptia
1456 886 1581 944 morales.

294 989 412 1050 ‘Fttcilc'
435 994 573 1066 inquiunt
598 997 650 1052 ‘est
669 1009 735 1051 eum
758 991 846 1064 serre
873 992 995 1063 bostem,
1029 993 1082 1065 qui
1107 991 1248 1050 liactenus
1276 996 1359 1049 nocet
1386 996 1418 1047 ut
1444 992 1636 1060 minetur‚§.r.

294 1097 358 1152 ‘nec
375 1093 481 1166 feriat.
529 1094 669 1165 Quorsum
692 1098 755 1155 istce
777 1095 907 1152 assiduae
927 1093 983 1152 secl
1008 1095 1113 1151 inanes
1139 1089 1250 1151 mictu?
1280 1094 1347 1165 orris
1373 1092 1487 1148 sicinium
1513 1093 1583 1162 siais

293 1192 474 1257 ‘minaruml
496 1212 586 1271 qaam
608 1198 661 1255 diu
681 1199 808 1271 seipsum
834 1199 878 1255 sic
898 1191 1057 1254 traducet?
1077 1211 1133 1267 ape
1152 1197 1276 1269 incipiat
1293 1196 1382 1252 semel
1397 1201 1515 1261 tonare,
1537 1196 1582 1251 si-

271 1299 378 1372 s‘quid
399 1302 478 1358 ualet
497 1302 606 1372 iprtaoa
630 1301 720 1359 riirbes
739 1303 804 1358 ista.
842 1307 955 1358 terrere
976 1300 1044 1367 scit,
1067 1313 1173 1356 aoccre
1192 1298 1292 1370 uitauit
1308 1295 1454 1353 Iluttenus
1473 1303 1636 1359 cesterna.

294 1400 359 1459 ‘boc
381 1410 425 1459 est
445 1402 525 1475 ariao
545 1405 643 1475 aiunt,
668 1419 776 1461 uariam
789 1419 852 1461 esse
865 1404 941 1460 iram
958 1401 1067 1473 absque
1083 1400 1208 1457 uiribus:
1232 1397 1335 1456 scribit
1349 1399 1469 1469 Curato,
1490 1400 1582 1471 priu-

292 1503 432 1577 ‘cipibus,
460 1504 705 1579 archiepiscopis,
733 1505 831 1563 nobis:
858 1507 931 1562 satis
953 1504 1071 1576 uiridem
1098 1504 1246 1568 numana,-
1279 1516 1368 1574 quum
1389 1508 1485 1558 tamea
1508 1500 1584 1557 nibil

292 1607 425 1665 ‘maioris
442 1609 575 1680 periculi
593 1624 681 1681 quam
700 1607 843 1666 bactenus
864 1605 987 1664 aliunde
1009 1605 1160 1674 incumbit,
1180 1606 1234 1662 tuti
1253 1619 1360 1660 sranius.
1400 1602 1491 1673 Cctlo,
1513 1614 1637 1664 ruitaria.

292 1708 416 1766 ‘uidistis
437 1710 509 1783 ipsi,
540 1710 695 1780 Germani,
723 1726 764 1766 aa
786 1709 821 1767 ab
843 1709 933 1766 lietsce
953 1710 1083 1766 minutas
1109 1706 1282 1765 llutteaicas
1308 1706 1464 1778 quicquam
1492 1708 1585 1763 nostri

259 1812 434 1869 so‘rnuueris
455 1814 654 1871 remiserimus
684 1815 813 1881 intereo,
846 1814 903 1868 imo
931 1827 970 1866 cru
1000 1826 1058 1867 raon
1086 1812 1181 1882 mapis
1208 1811 1296 1866 etiarm
1325 1803 1583 1866 contenderimus?

293 1917 330 1970 ‘ct
350 1913 560 1971 conlaudemus
581 1922 661 1973 tanto
681 1915 866 1989 pertinacius
888 1920 998 1986 quaesto
1024 1914 1073 1970 illc
1099 1913 1228 1969 minatur
1256 1913 1378 1976 canitis·
1403 1927 1497 1983 ueqtte
1518 1912 1636 1971 cirtsta.

292 2018 356 2072 ‘aut
376 2017 467 2073 ullius
493 2018 561 2074 uicti
581 2017 743 2075 terroribus
769 2016 954 2085 obsistamus,
990 2015 1091 2087 uiroail
1112 2028 1237 2088 pensum
1267 2019 1396 2071 nostrum
1422 2013 1583 2070 absolutum

293 2115 396 2174 ‘Leoni
425 2118 641 2193 triumphantes
666 2122 910 2192 pratutantesque
942 2119 1125 2190 assiancmus
1156 2117 1296 2173 clrrmnato
1322 2115 1464 2186 liuthero,
1496 2118 1584 2173 etirtrn

293 2224 359 2293 ‘pcr
379 2227 496 2293 strapas
519 2221 748 2292 Germanorum,
776 2223 803 2280 si
829 2223 882 2294 quii
906 2235 1056 2294 oppmu’re
1080 2236 1111 2277 se
1133 2219 1213 2276 aolus
1235 2226 1342 2276 temere
1361 2216 1480 2289 [remitit
1500 2217 1585 2275 cirisi!

261 2321 420 2382 rsl’ercam
448 2324 475 2380 si
502 2338 560 2381 non
589 2325 631 2381 ita
657 2325 761 2397 palam
789 2322 1027 2382 concionabuarli
1052 2322 1250 2379 ritrbttcissimc
1276 2321 1431 2379 blaterant.
1484 2320 1637 2395 b’rrperso.

294 2423 447 2498 Hispanus
467 2426 588 2497 auidam
606 2424 728 2484 Battum
748 2426 855 2484 Lcorris
876 2442 895 2482 a
917 2432 944 2483 te
965 2427 1160 2499 explanatam
1187 2424 1349 2498 bibliopolae
1369 2430 1501 2497 creptum
1523 2422 1583 2495 su·

292 2543 364 2584 rens
387 2529 555 2601 concerpsit
574 2537 820 2602 concerptamque
837 2528 979 2602 pedibus,
1003 2528 1033 2584 iu
1051 2527 1146 2584 riuulo
1167 2528 1227 2584 luto
1245 2525 1370 2600 pedibus
1392 2529 1583 2585 coriciucarit.

293 2627 448 2686 Praterea
470 2630 529 2686 iam
549 2632 689 2703 prorirnc
711 2631 811 2689 adbuc
831 2632 931 2703 quinto
946 2629 1046 2687 Narras
1068 2628 1156 2686 bilius
1176 2632 1282 2687 mensis
1296 2629 1437 2687 sacertlos
1452 2646 1492 2686 cu·
1512 2631 1639 2697 autaut.

296 2729 399 2788 Caroli
418 2746 485 2789 cerm
503 2731 616 2790 ditamus
636 2749 676 2790 ex
696 2734 800 2792 cartem
822 2734 895 2790 aula
912 2732 1058 2806 Hispanis
1075 2731 1246 2789 sateltitibus
1262 2734 1448 2805 pauperculo
1464 2733 1584 2789 cuitltrm

260 2830 411 2903 iosascem
432 2832 557 2891 LXXX
576 2832 675 2905 sermo
700 2834 883 2910 Captivitatis
904 2832 1099 2908 Babylonica
1123 2835 1312 2908 eaernplaria
1338 2836 1529 2892 continentem
1558 2837 1587 2891 ri

293 2936 405 3009 cripuit
437 2944 506 2994 ante
536 2938 697 3011 palatium,
732 2939 852 3011 citusque
882 2938 1038 2995 nomutllos
1069 2936 1181 2994 libellos
1206 2938 1364 3008 lacerarit,
1397 2939 1586 2995 laceraturus

293 3053 407 3109 onustes,
437 3040 497 3096 nisi
520 3040 639 3098 tandem
664 3042 820 3114 proximus
847 3042 970 3114 ortisque
997 3038 1159 3112 bibliopola
1181 3045 1391 3097 antecurrentes
1414 3039 1584 3097 nebulonem

293 3155 360 3197 enim
387 3141 561 3199 satellitibus
592 3143 622 3200 ia
653 3145 798 3216 palatium
829 3142 971 3214 resapere
1000 3143 1169 3213 coepissent.
1233 3142 1302 3199 b'itli
1326 3144 1414 3199 etiam
1441 3142 1487 3199 bis
1512 3143 1585 3215 ipsis
1595 3162 1639 3211 ss.

294 3240 396 3299 dicbus
414 3244 539 3315 equitem
561 3244 708 3317 querebam
728 3245 895 3319 Hispanum
912 3246 1068 3317 eropinato
1079 3245 1183 3316 piaclio
1198 3261 1287 3302 aaron
1304 3261 1320 3301 e
1335 3246 1442 3302 uostris
1458 3241 1586 3317 [rapicn-

260 3350 351 3402 rstcm
370 3347 513 3419 persequi
532 3353 615 3404 latita
634 3346 732 3420 rabie,
754 3355 785 3405 ut
807 3354 875 3406 ante
896 3349 1019 3404 iariuam
1041 3363 1129 3419 oriam
1146 3344 1268 3420 sapiens
1283 3348 1333 3403 oia·
1348 3352 1497 3417 esraserat,
1519 3363 1585 3405 marn

294 3462 368 3520 aquo
384 3455 498 3519 rueret,
520 3466 575 3508 nec
592 3466 751 3522 resurpere
766 3452 825 3508 nisi
840 3450 1001 3508 adiuuante
1017 3450 1164 3508 Germano
1185 3449 1313 3522 qttodam
1328 3458 1426 3523 posset
1431 3470 1442 3517 ,·
1463 3465 1586 3523 quorum

293 3565 361 3606 cum
383 3552 470 3608 rnrilti
491 3553 731 3624 circumstarent,
752 3567 836 3610 iterna
858 3559 954 3611 tamen
976 3554 1022 3610 acl
1041 3553 1132 3623 alipito
1155 3568 1244 3610 citisus
1264 3559 1308 3610 cst
1326 3555 1407 3611 illrum
1423 3553 1585 3612 inclemen-

294 3653 351 3709 tius
373 3654 527 3725 attinperc.
568 3654 711 3726 Frustra,
733 3661 766 3711 ut
785 3656 940 3728 asperior,
963 3656 1018 3713 boc
1034 3671 1128 3727 penus
1144 3654 1273 3712 bomines
1290 3656 1477 3728 appellamus
1493 3656 1585 3728 ipna-

294 3771 359 3828 ros,
384 3756 443 3827 ipsi
461 3754 599 3828 prosecta
620 3758 810 3829 ipnaaissimi.
850 3757 1003 3816 :tleaneter
1026 3759 1068 3815 ita
1089 3774 1120 3815 se
1141 3758 1246 3815 Corolo
1268 3759 1441 3827 insinuarit,
1464 3763 1497 3814 ut
1516 3757 1640 3837 abi-§.u

259 3872 351 3929 eoqite
373 3859 587 3930 propemodum
613 3860 702 3917 lateri
724 3861 786 3917 eius
808 3859 967 3924 irilirercat,
996 3861 1184 3935 pcclisscquis
1207 3858 1405 3933 Principibus.
1448 3858 1516 3918 Toto
1538 3861 1586 3918 dic

293 3966 392 4017 ternos
418 3966 612 4032 quaternosve
640 3961 791 4036 Hispanos
819 3963 920 4020 uideas
946 3966 1033 4021 ritulis
1061 3966 1122 4022 suis
1149 3962 1285 4020 sublimes
1308 3980 1368 4036 per
1392 3962 1495 4034 forum
1522 3962 1589 4021 aient

293 4062 381 4120 turba
399 4061 531 4121 submota
556 4066 602 4122 ael
621 4064 763 4123 subtrita:
785 4073 814 4124 et
835 4071 965 4124 tacemus
986 4071 1015 4123 cl
1034 4066 1166 4124 ccdimus
1187 4072 1243 4123 toto
1262 4063 1333 4136 soro
1353 4068 1462 4124 exacti.
1505 4064 1647 4132 Iliacam.

294 4179 377 4221 mera
402 4165 524 4223 libertos
551 4176 666 4237 nostra,
698 4169 748 4225 cui
774 4170 801 4225 si
823 4175 953 4242 putasa
983 4176 1011 4226 tc
1037 4170 1175 4227 succurri
1195 4183 1297 4242 posse,
1331 4168 1405 4239 arciri
1424 4163 1587 4241 aspectas?

295 4267 453 4324 discessum
477 4268 579 4326 Caroli
585 4264 601 4326 l
622 4271 709 4327 nimis
727 4286 825 4327 serum
848 4270 903 4330 boc
926 4272 1041 4329 uitlctur
1061 4271 1173 4339 miultis,
1193 4278 1354 4343 expectare
1376 4271 1469 4329 dortec
1487 4273 1516 4328 in
1535 4277 1586 4327 tu-

261 4376 354 4426 mtum
376 4386 407 4427 sc
430 4371 580 4444 recipiant
602 4389 673 4445 piros
694 4374 770 4432 solos
791 4375 895 4432 ulcisci
916 4375 1039 4446 alianum
1066 4380 1146 4440 erat,
1181 4372 1285 4445 artibus
1312 4387 1396 4430 ricino
1423 4372 1586 4430 libertatem

363 4570 369 4603 ¹
385 4572 497 4621 accedit
512 4575 537 4623 t.
574 4575 690 4625 asidaeis
706 4578 729 4624 t.
739 4580 765 4625 2.
813 4576 823 4606 ¹¹
837 4576 935 4626 Carolo
948 4574 1007 4641 cte]
1017 4578 1144 4642 cisapra
1158 4575 1364 4626 exhortationes
1377 4577 1586 4640 invectivasqae

294 4672 319 4722 p.
327 4656 452 4722 bilsqq.
462 4656 501 4707 12.
510 4675 567 4724 sqq.
604 4661 715 4711 ¹Cruda
728 4679 819 4712 orrtnes.
836 4664 891 4725 feci
902 4662 988 4712 Cedo.
1009 4664 1024 4709 i.
1034 4678 1055 4710 e.
1071 4667 1144 4710 cotta
1155 4679 1206 4726 pro
1219 4662 1322 4723 collita,
1343 4662 1437 4711 dieite.
1485 4659 1504 4692 ¹¹
1525 4679 1587 4711 con-

294 4744 430 4792 tundimus
449 4744 524 4794 t.,.t.
541 4747 619 4808 salsa.
681 4745 701 4777 ¹¹
719 4744 906 4830 absistensusL
916 4747 1085 4796 abstinemus
1105 4751 1177 4797 2...t.
1195 4750 1272 4809 falso.
1332 4746 1352 4778 ¹⁷
1369 4746 1486 4812 pedibus
1505 4747 1532 4795 in
1552 4764 1585 4797 m.

294 4826 351 4877 lato
363 4845 441 4878 cai1c.
454 4832 528 4879 2...t.
549 4829 602 4880 Sea
614 4838 639 4879 ul
652 4833 775 4884 desiimus.
796 4835 906 4898 qrtamnis
918 4835 996 4880 minus
1005 4837 1109 4896 placcat
1117 4872 1123 4895 ‚
1137 4834 1174 4882 bis
1187 4833 1302 4898 podibus
1315 4840 1352 4881 cst
1365 4836 1390 4881 in
1406 4836 1428 4882 t.
1483 4830 1503 4863 ¹¹
1521 4835 1586 4882 Pre-

294 4920 369 4962 taroa
391 4919 448 4964 nt.
504 4916 523 4948 ¹⁹
542 4915 722 4965 satietatibus
743 4922 769 4966 l.
789 4925 813 4965 ct
831 4921 867 4966 sic
883 4921 960 4980 pertitio
975 4925 1036 4982 post
1055 4924 1151 4967 itcrruu.
1205 4915 1228 4950 ²⁰
1246 4919 1326 4984 Capi.
1345 4916 1454 4984 namu]
1474 4919 1587 4967 ineunte

293 5015 326 5047 m.
340 5000 404 5049 Oct.
419 5017 444 5050 a.
462 5000 534 5051 1520.
555 5003 647 5050 suita.
717 5001 740 5034 ¹²
758 5004 895 5069 proximus
914 5003 1027 5067 quisquc
1084 5009 1279 5053 concurrentes
1297 5008 1370 5053 ctiam
1391 5008 1413 5052 1.
1489 5004 1587 5054 biblio-

292 5085 353 5151 pola
373 5089 431 5136 ta.
485 5084 508 5119 ²¹
527 5083 669 5153 quemdam
689 5091 713 5137 i.
763 5087 1002 5138 ”iniustorum
1051 5085 1072 5118 ¹²
1091 5090 1190 5139 llect.
1239 5089 1260 5119 ³³
1280 5098 1426 5155 exspectas
1447 5093 1500 5140 «Η.
1520 5091 1587 5157 ubiq.
