3934 6034
305 646 377 717 280
478 661 674 711 cccxxxiii.
695 678 813 712 ursinari
827 679 926 713 taioni
942 678 1082 714 nonnosus
1096 679 1266 713 noronoinris
1280 677 1411 713 avrrrsi.

306 836 427 908 duplos,
453 837 625 909 precipuus
652 843 694 893 est
720 838 899 895 reiciendus
921 845 1010 912 pater
1032 838 1159 896 Ioannes
1181 838 1342 912 Episcopus
1364 832 1531 905 Rodiensis:
1561 830 1587 887 is

304 940 380 995 enini
400 955 476 1011 pene
497 938 651 1011 deperibat
668 940 697 995 in
720 940 911 1013 Capitonem,
933 949 992 998 lain
1015 942 1169 1013 niaqnifice
1191 941 1227 998 de
1246 942 1296 998 illo
1316 938 1457 1007 sentiens,
1489 940 1521 991 iit
1540 948 1587 989 me

301 1056 370 1113 pria
391 1041 440 1097 illo
457 1042 573 1111 putarit
593 1040 668 1097 nibil
687 1043 777 1110 scire,
806 1045 993 1117 coplaiitque
1020 1046 1199 1101 tucosionem
1225 1031 1428 1114 relinquenda
1451 1036 1586 1094 Briton-

306 1143 378 1212 iiiie‚
408 1149 438 1199 ut
461 1156 526 1199 enm
549 1143 698 1214 t'iipiiione
727 1147 803 1201 itelut
827 1148 947 1203 oraculo
974 1162 1074 1203 rerum
1100 1146 1226 1203 omnium
1253 1142 1474 1201 reconditorum
1493 1137 1589 1212 possit

237 1245 447 1315 §.im-colloqui.
491 1242 578 1302 Hunc
593 1244 716 1303 bominis
730 1246 868 1318 allectum
891 1255 922 1304 ut
941 1250 1120 1317 coritarum,
1144 1249 1184 1303 ita
1203 1262 1318 1318 semper
1337 1244 1414 1312 alui,
1434 1241 1511 1298 niliil
1532 1236 1610 1309 οῖ’-ε

302 1344 406 1416 sensus
428 1346 507 1418 quod
522 1348 652 1419 t'apnioii
672 1348 756 1420 apud
775 1349 853 1407 liuiic
873 1350 1044 1407 obscuraret
1061 1352 1222 1423 opinionem
1241 1363 1348 1417 meam,
1370 1346 1427 1403 imo
1446 1341 1588 1416 panderes

305 1447 384 1519 quod
404 1450 490 1503 talem
512 1449 605 1505 cirion
627 1448 747 1507 liaberet
764 1451 820 1509 sibi
839 1459 898 1509 tani
920 1452 1079 1509 addictum.
1122 1450 1289 1509 consulebat
1309 1465 1354 1505 me
1375 1444 1526 1517 Roffensis
1550 1442 1589 1499 de

306 1549 465 1606 bonorario
486 1565 606 1607 intinere
626 1553 778 1609 iin'tleiido:
802 1571 861 1626 qua
888 1555 1006 1626 quidem
1027 1557 1056 1611 in
1075 1572 1109 1612 re
1130 1569 1217 1627 quain
1237 1551 1391 1609 inviderint
1410 1545 1588 1615 Reiiclitino,

238 1658 304 1708 §.ito
318 1654 380 1724 ipse
411 1653 489 1709 testis
514 1655 637 1725 optimus
668 1670 730 1711 esse
753 1662 879 1727 poterat.
921 1656 966 1714 be
993 1655 1139 1728 lliiffeiisis
1164 1656 1254 1727 iqitiir
1275 1652 1383 1724 fictore
1408 1649 1590 1722 frequenter

305 1754 414 1826 scripsi
434 1755 591 1827 t'apnioni,
614 1758 736 1828 cupiens
758 1758 889 1814 animum
915 1760 994 1816 illius
1020 1760 1120 1830 aliquo
1141 1758 1243 1814 solutio
1267 1755 1436 1819 subieram
1463 1764 1587 1808 rursum
1600 1763 1624 1803 io

305 1854 405 1927 siquid
424 1863 497 1913 essct
518 1856 657 1914 derebus
677 1860 849 1931 t'npnionis,
869 1861 1010 1917 curabam
1033 1867 1063 1916 ul
1085 1861 1173 1917 sciret
1193 1860 1359 1931 episcopiis,
1381 1855 1463 1928 quod
1478 1854 1589 1911 scirem

306 1957 370 2014 lirae
399 1959 443 2014 illi
464 1956 534 2028 sore
558 1961 747 2030 qratissimu:
775 1960 820 2018 bis
847 1963 944 2034 itaque
965 1964 1071 2031 literis,
1093 1960 1196 2034 quibus
1217 1967 1260 2017 est
1278 1957 1408 2030 offensus
1432 1956 1588 2024 Hutteniis,

306 2059 507 2130 siqiiisicaburn
535 2062 579 2116 illi
602 2068 630 2117 et
657 2063 685 2118 iii
707 2079 762 2134 quo
782 2065 916 2136 periculo
935 2062 1042 2133 suisset
1061 2064 1193 2136 t'apuion
1214 2070 1241 2118 et
1261 2064 1291 2118 iii
1314 2075 1402 2134 quain
1424 2058 1590 2131 tranquillo

306 2166 383 2217 statu
404 2177 483 2218 unite
503 2171 591 2230 essct,·
614 2171 671 2220 tuin
696 2166 738 2221 nti
755 2166 857 2235 sciret,
880 2181 935 2236 quo
952 2166 1121 2222 mittendum
1143 2170 1216 2221 esset
1235 2162 1335 2236 siquid
1354 2162 1397 2219 ad
1415 2163 1499 2219 illum
1524 2162 1590 2218 oel-

239 2270 305 2320 §.ion
317 2265 357 2320 let
377 2264 497 2320 mittere.
542 2263 682 2322 Calenum
709 2267 745 2324 de
764 2266 901 2339 perfidia
922 2268 1045 2323 crimine
1071 2267 1116 2322 illi
1142 2264 1328 2338 iinpinqeudo
1352 2280 1389 2320 ne
1409 2264 1590 2320 somniatum
1604 2273 1627 2311 ¹⁵

305 2365 424 2437 quidem
442 2372 484 2421 cst
507 2382 650 2438 unquam:
679 2365 867 2440 nequeenim
886 2367 998 2438 fallere
1018 2383 1132 2440 semper
1153 2374 1196 2424 est
1210 2365 1363 2440 pertidia,
1389 2366 1444 2422 scd
1457 2363 1594 2436 fallebat

305 2469 392 2524 etiam
415 2469 464 2524 ille
485 2469 537 2538 qui
557 2468 647 2525 ainici
666 2471 835 2540 aprotontis
856 2472 997 2528 cervicali
1021 2472 1097 2528 elain
1124 2470 1276 2543 supposuit
1302 2482 1428 2534 anrioii,·
1457 2475 1487 2523 el
1506 2464 1594 2537 fallit

306 2570 419 2626 aiiiiciis
440 2571 492 2640 qui
512 2571 716 2642 iueupectatus
736 2570 856 2643 obrepit.
904 2571 1013 2640 (tiiodsi
1034 2573 1182 2630 voluissent
1210 2572 1290 2627 illum
1317 2570 1493 2625 insimulare
1509 2584 1593 2641 per-

305 2671 400 2741 fidia,
420 2687 477 2727 uon
500 2671 670 2728 adiecissem
691 2675 809 2729 ‘mutulo
830 2670 976 2731 coiisilio‘:
999 2689 1091 2746 neque
1112 2689 1178 2730 ocio
1198 2673 1295 2730 statim
1315 2669 1452 2744 perfidiis
1474 2676 1520 2726 esl
1541 2670 1596 2742 qui

308 2780 401 2829 mutat
416 2774 584 2842 cinisiliiim,
613 2773 848 2846 qnandoquidem
875 2775 932 2831 liae
958 2791 1038 2848 saepe
1058 2777 1135 2846 coqu
1157 2775 1327 2840 necessitas,
1356 2785 1437 2844 sape
1459 2774 1629 2828 rationesro

239 2884 306 2933 §.ios
317 2875 459 2932 eiusmodi
465 2920 470 2944 ,
493 2882 524 2931 ut
539 2876 667 2932 stultitia
681 2877 719 2932 sit
738 2892 794 2932 non
815 2883 938 2932 mutare.
983 2876 1110 2933 Frustra
1127 2878 1216 2947 iqilur
1232 2873 1281 2930 bie
1299 2872 1392 2930 uerbis
1411 2874 1540 2944 tropicis
1563 2875 1594 2929 in

306 2991 352 3032 me
370 2975 488 3033 detonat
501 2975 658 3046 Himerius,
682 2993 770 3049 quum
792 2978 871 3049 qnod
888 2981 1022 3047 assumit,
1049 2980 1136 3035 etiam
1159 2990 1280 3033 menon
1302 2973 1457 3045 refellente
1477 2972 1595 3045 falsis-

274 3115 279 3123 ·
305 3079 408 3133 simum
429 3080 474 3134 sit.
521 3077 589 3146 (liris
610 3089 706 3136 itatem
734 3095 862 3150 iniquum
884 3079 962 3136 bone
982 3081 1075 3136 locuin
1103 3082 1145 3137 sic
1172 3081 1379 3150 interpretatus
1405 3084 1449 3133 est
1473 3084 1596 3150 prieter

308 3193 397 3234 iiiium
418 3175 598 3236 llutlenuin?
621 3179 730 3249 Quodsi
750 3181 823 3253 quid
842 3182 900 3237 tale
921 3182 1105 3253 eopi'tassein,
1134 3180 1189 3239 lioc
1210 3179 1342 3236 uidelicet
1363 3178 1526 3236 scriberem
1549 3179 1597 3234 illi

239 3291 307 3341 §.ios
320 3282 395 3346 niro,
417 3297 473 3352 quo
492 3284 604 3339 nullum
626 3280 750 3339 babebat
769 3281 949 3340 Beiicltliiias
970 3284 1019 3339 sui
1037 3276 1251 3339 ariiontiorem?
1274 3280 1379 3336 ⁴tadilo
1400 3287 1444 3337 est
1464 3281 1630 3353 epo-totuis

307 3381 470 3439 Reiicblino
492 3385 562 3440 uiuo.
608 3384 670 3441 ‘sed
686 3381 789 3453 morti,
812 3385 918 3456 inquit,
942 3382 1062 3441 ‘cicinol
1107 3384 1163 3453 Qui
1178 3385 1263 3457 potui
1275 3382 1411 3439 diuinare
1430 3397 1523 3453 quom
1540 3381 1596 3438 diii

308 3485 436 3540 uicturus
452 3493 525 3541 essct
538 3480 741 3543 lieuelilinus?
767 3500 820 3556 eqo
834 3492 927 3555 certe,
947 3492 978 3542 ut
994 3492 1060 3542 erat
1074 3487 1170 3544 uiuida
1187 3491 1343 3556 repetoque
1369 3490 1499 3549 senecta,
1520 3499 1596 3555 spe-

307 3585 411 3642 rabam
433 3588 514 3643 illum
535 3585 615 3644 uobis
633 3587 686 3643 diu
701 3590 883 3659 superstitem
901 3585 1055 3657 futurum.
1077 3595 1164 3660 atque
1185 3589 1296 3644 iitinani
1315 3593 1398 3643 esset.
1443 3591 1596 3642 mortuum

310 3686 460 3759 iipotlieosi
480 3688 632 3746 iiiiuututis
654 3686 807 3758 affectibus
826 3689 1039 3752 commendari,
1066 3696 1095 3747 et
1115 3691 1254 3747 morituro
1276 3688 1354 3743 eotiii
1371 3687 1515 3759 perfidia
1537 3702 1597 3743 no-

240 3799 307 3850 §.iio
319 3796 378 3846 tam
395 3791 530 3857 inurere,
548 3789 623 3846 nibil
640 3791 747 3848 iteritus
767 3791 845 3847 illius
863 3787 1142 3863 expostulationem?
1166 3790 1220 3847 llic
1235 3788 1379 3846 llutteuus
1400 3789 1531 3860 requirit
1549 3795 1634 3846 lc-oo

307 3898 378 3961 stes,
402 3898 533 3959 autores,
550 3890 754 3964 probationes,
771 3891 895 3948 breuiter
911 3907 1022 3949 omnem
1038 3894 1187 3965 strepitum
1203 3891 1403 3947 tribunalium.
1450 3889 1526 3948 Iure
1543 3908 1599 3949 re-

307 3994 420 4065 quirat,
442 3994 469 4050 si
490 3991 626 4063 deseram
642 3994 785 4060 amicum·
807 4009 885 4050 iiiiiie
907 3993 980 4050 niliil
994 3995 1106 4050 ininius:
1128 3995 1174 4050 rei
1189 3998 1280 4064 qesta
1296 3993 1426 4064 simplex
1450 4000 1480 4049 et
1494 3994 1599 4051 amieo

309 4095 444 4152 narratio
465 4100 522 4163 est,
549 4096 579 4152 i'n
601 4110 658 4167 qao
678 4110 734 4151 non
758 4108 870 4151 sumam
893 4096 1011 4150 mullum
1034 4110 1147 4166 opera,
1176 4108 1241 4150 cuin
1264 4093 1330 4164 ipsa
1352 4109 1401 4149 res
1419 4110 1478 4165 per
1499 4111 1533 4151 se
1555 4097 1599 4152 li-

242 4206 307 4256 §.im
322 4201 417 4267 quent.
462 4194 553 4268 Atque
578 4196 626 4254 bie
652 4195 724 4253 mibi
743 4194 888 4252 lluttenus
914 4197 1042 4265 confictis
1065 4195 1214 4251 autoribus
1242 4198 1367 4251 corruitur
1394 4198 1600 4267 suspicionem

309 4299 485 4369 impiiiqcre,
506 4300 594 4369 quasi
613 4314 669 4354 non
688 4298 852 4370 acceperim
873 4296 927 4353 boc
947 4312 987 4353 ex
1006 4298 1088 4365 ciliis,
1113 4295 1166 4352 scd
1183 4312 1222 4352 ex
1239 4310 1284 4352 me
1305 4297 1514 4367 coufiiieerim,
1539 4308 1638 4372 quo³⁵

307 4399 401 4456 labem
424 4414 610 4473 asperqerem
633 4397 805 4456 Ileucbtino.
851 4396 953 4465 thiaso
976 4404 1015 4466 le,
1047 4400 1149 4466 lector,
1171 4396 1243 4468 qnid
1262 4402 1305 4453 est
1324 4404 1384 4453 toiri
1408 4400 1601 4458 maliciosum

308 4507 361 4557 unt
375 4517 549 4573 perversum
570 4502 650 4573 quod
670 4504 722 4558 iste
742 4514 798 4556 uon
820 4500 922 4569 quaeis
944 4499 981 4555 de
996 4514 1088 4555 caiisa
1105 4500 1249 4570 impinqat
1268 4493 1384 4556 arnico?
1407 4499 1500 4572 Atqui
1518 4504 1606 4574 quod

307 4601 402 4658 scribo
425 4600 573 4673 Rodiensi,
595 4601 667 4659 milii
683 4600 808 4658 Loeanii
827 4600 926 4656 retulit
943 4600 1044 4656 doctor
1061 4598 1188 4654 Ioannes
1203 4597 1315 4667 Salius,
1336 4615 1426 4671 quum
1449 4603 1513 4659 illic
1537 4605 1603 4661 ad-

307 4709 381 4759 esset
403 4702 526 4761 Carolus
549 4703 658 4761 Coesor.
702 4718 767 4759 euin
791 4702 884 4757 tirum
898 4699 952 4757 lioe
971 4701 1068 4772 pluris
1085 4697 1248 4769 tercianam,
1269 4700 1348 4770 quod
1364 4700 1603 4762 beneroleiitiani

373 4900 395 4932 ²⁸
413 4901 469 4969 sod]
490 4904 526 4953 ei.
544 4903 656 4967 Expost.
675 4903 698 4960 θ.
711 4900 752 4949 ob.
799 4898 821 4930 ³⁹
841 4900 957 4948 loannes
976 4898 1106 4955 Salanus,
1127 4895 1255 4955 Atrabas,
1275 4897 1345 4945 nied.
1365 4899 1404 4947 dr.
1426 4911 1605 4956 memoratur

308 4999 352 5050 op.
365 4986 491 5051 Foppens
509 5004 534 5053 p.
548 4987 605 5035 722.
619 5001 651 5035 ex
664 4983 786 5035 Ferreoli
805 4983 898 5032 Locrii
916 4980 1045 5045 catalogo
1063 4981 1222 5043 scriptorum
1236 4979 1445 5032 Aueniensium.
