3934 6034
475 718 674 770 cccxxxlll.
696 734 814 769 oronam
828 734 931 769 annom
944 733 1088 769 sorssors
1101 732 1274 767 usennoinns
1289 731 1420 768 cessrunt.
1520 698 1592 770 307

303 891 455 950 Romanas
479 892 620 966 pomifer
646 898 689 950 est
711 888 929 952 Antichristus?
961 907 1031 949 nam
1056 894 1138 963 finpe
1165 892 1247 948 illurn
1275 905 1355 956 esse,·
1387 905 1426 946 an
1455 904 1511 946 non
1540 888 1592 948 diu

301 996 384 1052 siluit
405 994 543 1053 Hilarius
561 1002 630 1052 ante
651 1010 739 1067 quam
757 993 898 1052 scriberet
917 994 1060 1052 aduersus
1084 987 1233 1050 Arianos?
1260 993 1323 1066 ipse
1345 990 1462 1063 fatetur
1483 999 1512 1048 ct
1531 1008 1591 1048 en-

301 1105 396 1154 eusat.
442 1096 609 1170 Cyprianus
626 1101 820 1171 porrecturus
840 1098 982 1155 ceruicem
1003 1111 1060 1169 pro
1081 1095 1208 1164 (laisla,
1243 1110 1331 1166 arctim
1353 1092 1518 1167 prefectus
1537 1096 1583 1152 illi
1593 1094 1660 1144 §28⁴-

302 1199 441 1258 obiiceret
460 1200 541 1273 quod
559 1200 760 1273 conspirasset
778 1198 922 1257 etdoersus
941 1198 1070 1257 Ceasaris
1091 1200 1285 1264 maiestatem,
1308 1196 1450 1269 qircrmodo
1467 1211 1593 1270 respon-

277 1297 368 1359 ⁵ditl
400 1301 516 1360 ‘Merito
537 1301 681 1359 aduersus
702 1302 783 1358 illum
808 1302 1029 1375 conspiremus,
1061 1302 1157 1358 cultor
1174 1305 1218 1358 est
1246 1298 1472 1368 demoniorum,
1504 1298 1594 1357 bostis

303 1403 374 1475 ι(Ιαί,
396 1403 492 1462 luceres
513 1406 621 1462 aterni
640 1399 754 1476 ipriisl'
781 1418 982 1475 nequaquam,
1011 1402 1065 1460 sed
1084 1403 1203 1474 ncpaoit
1223 1418 1254 1459 se
1274 1417 1337 1458 csse
1358 1400 1465 1458 bostem
1487 1399 1592 1458 Casa-

303 1505 360 1574 ris,
384 1507 442 1563 imo
464 1506 592 1578 quotidie
613 1522 703 1564 orare
723 1522 754 1562 se
772 1520 829 1578 pro
851 1506 930 1562 itlius
950 1506 1165 1574 incolumitate,
1192 1503 1228 1562 ob
1245 1502 1396 1577 publicam
1417 1505 1591 1575 tranquilli-

303 1612 401 1665 tatem.
441 1610 485 1667 sic
505 1610 582 1666 enim
605 1607 726 1666 decebat
748 1606 941 1681 abepiscopo
964 1606 1131 1665 Cbristiemo
1145 1604 1288 1680 proferri
1308 1605 1468 1662 ueritatem.
1500 1603 1579 1673 (tuo
1593 1613 1658 1662 §.sss

304 1709 390 1767 modo
412 1715 508 1767 autem
531 1709 667 1769 Hilarius
687 1709 788 1766 scribit
811 1709 979 1767 Constantio
999 1725 1083 1766 suam
1106 1724 1198 1781 aperis
1219 1702 1364 1766 causam?
1385 1722 1481 1763 nonne
1500 1709 1592 1764 multa

270 1822 295 1861 ¹⁰
305 1818 397 1881 tacet,
420 1814 512 1870 multo
532 1812 712 1882 dissimulat,
735 1815 826 1869 matta
848 1811 989 1869 blandius
1008 1812 1081 1869 dicit
1097 1826 1186 1883 quam
1204 1826 1263 1885 pro
1284 1811 1364 1868 illius
1385 1804 1509 1867 merito?
1529 1810 1594 1867 Ima

303 1915 446 1987 accomodo
466 1915 578 1972 liuidus
600 1916 663 1986 apii
682 1929 805 1972 calisam
826 1929 910 1970 suam
931 1912 1017 1987 apud
1039 1912 1183 1983 iblicem,
1218 1912 1335 1970 Festum
1357 1917 1385 1969 et
1407 1908 1594 1985 dprippam?

303 2031 342 2072 an
369 2015 444 2073 nibil
463 2017 525 2074 illic
551 2022 629 2074 tacet
653 2010 739 2073 aeri?
771 2031 889 2073 ursiton
915 2030 1029 2074 summa
1051 2015 1185 2073 comitate
1204 2013 1284 2086 qaod
1304 2028 1405 2070 rerum
1425 2020 1469 2071 est
1485 2016 1591 2088 prolo-

303 2113 426 2190 quitur?
456 2117 534 2188 Qnid
551 2119 643 2189 ipitnr
664 2124 707 2176 est
728 2120 758 2175 in
780 2117 834 2176 boa
854 2133 917 2176 meo
946 2117 1025 2175 dicto
1045 2118 1240 2189 sacrilepum,
1260 2131 1317 2189 per
1340 2117 1471 2188 iaprdum
1493 2128 1659 2177 rece-taso.

300 2220 430 2292 pendam
453 2228 481 2277 et
501 2220 637 2277 incendia
659 2215 802 2293 dianium?
834 2236 891 2278 non
911 2220 1006 2295 pudet
1024 2219 1105 2278 lirino
1126 2220 1156 2276 in
1180 2217 1286 2275 talibus
1306 2218 1394 2289 napis
1414 2221 1487 2276 tales
1504 2223 1591 2277 cnci-

272 2329 371 2380 istare
390 2317 576 2394 trapccdias?
597 2321 663 2379 Iam
688 2324 741 2379 illa
762 2337 819 2379 uon
837 2322 936 2380 dubito
958 2324 1029 2395 quin
1050 2321 1182 2381 omuibus
1204 2320 1361 2378 rideantur
1375 2336 1437 2378 esse
1451 2321 1580 2380 ridicula
1592 2329 1659 2383 §.ssu

303 2441 371 2498 ocra
390 2426 516 2484 somniat
537 2424 573 2481 de
592 2440 658 2482 mea
677 2425 721 2482 ad
736 2423 885 2482 Romanos
902 2422 1103 2498 profectione,
1127 2423 1164 2480 de
1179 2439 1304 2482 occursu
1317 2422 1533 2493 cardinalium,
1553 2425 1590 2481 de

301 2526 564 2599 materiationibus,
587 2525 624 2584 de
643 2527 787 2585 donariis.
831 2526 906 2585 Hac
928 2528 1024 2584 minus
1043 2526 1170 2584 ridicule
1188 2527 1327 2597 (inperat,
1349 2527 1376 2583 si
1400 2541 1445 2583 me
1467 2527 1525 2583 iam
1550 2527 1592 2585 ad

304 2627 470 2686 Romanum
489 2630 545 2686 iter
567 2630 772 2687 deduxissem.
815 2629 908 2702 Atque
935 2629 984 2688 bie
1005 2628 1098 2687 subito
1116 2645 1156 2687 cc
1186 2635 1359 2686 accusatore
1382 2627 1485 2700 factius
1507 2644 1581 2686 con·
1594 2636 1660 2686 sess.

303 2732 410 2800 saltor,
442 2730 582 2790 admonet
601 2747 637 2788 ne
659 2730 781 2788 credam
811 2729 925 2802 fucatis
951 2732 1063 2789 amicis.
1115 2730 1138 2788 O
1165 2732 1292 2789 amicum
1315 2732 1444 2788 animum
1473 2748 1511 2789 ac
1534 2748 1592 2806 pra

269 2834 400 2891 rosalute
420 2849 486 2890 mea
508 2834 582 2891 mire
602 2828 774 2891 sollicitam!
807 2834 852 2890 nil
871 2848 945 2907 opus
965 2840 1009 2891 est
1027 2832 1134 2890 talibus
1161 2834 1367 2892 monitoribus:
1402 2835 1505 2892 melius
1531 2837 1591 2893 scio

303 2934 377 3006 antid
395 2941 505 3007 apatar
529 2934 632 2995 Romce
660 2952 748 3010 attam
775 2935 927 2994 liuttenus.
978 2935 1124 2993 Festiaum
1150 2943 1179 2993 et
1204 2935 1293 3005 illud,
1321 2936 1485 3008 quodcum
1508 2938 1660 2996 nilliltnsn.

303 3039 430 3094 omnium
448 3038 588 3111 probarit
607 3056 675 3113 otta
697 3039 788 3102 dicit,
811 3039 840 3094 in
861 3040 922 3109 fine
940 3045 1033 3095 moret
1054 3036 1195 3109 affectus,
1229 3046 1348 3096 reracat
1369 3054 1426 3109 me,
1456 3039 1593 3113 deplorat

304 3142 395 3197 uicem
412 3156 521 3212 meam,
544 3140 667 3199 subinde
681 3143 870 3200 miserescens
885 3142 943 3198 mci
950 3186 956 3209 ,
977 3156 1083 3198 rursus
1101 3140 1238 3198 dubitans
1252 3156 1292 3197 an
1307 3139 1416 3212 dianus
1429 3143 1483 3199 sim
1500 3144 1591 3216 ipsius

303 3243 521 3313 misericordia,
543 3242 667 3300 mederis
688 3244 804 3301 interim
827 3242 954 3300 sedare
979 3242 1067 3300 rerba
1088 3242 1197 3300 mando
1217 3244 1354 3314 ipuotum.
1386 3241 1464 3312 buta
1484 3251 1580 3302 autem
1593 3250 1660 3300 §.rsa

269 3361 294 3400 es
305 3346 422 3401 stultius
449 3360 537 3417 queam
565 3360 610 3402 me
639 3345 709 3402 inde
736 3359 877 3403 reuocare
903 3344 954 3402 ubi
979 3360 1130 3417 nunquam
1149 3344 1277 3417 fuerim,
1310 3351 1339 3403 et
1361 3359 1396 3403 eo
1418 3361 1525 3405 uocare-
1544 3347 1595 3405 ubi

303 3443 393 3505 sum?
417 3457 536 3505 reuocat
556 3463 576 3503 a
596 3447 734 3520 portibus
749 3449 956 3522 pessimarum,
978 3449 1031 3520 oui
1047 3448 1198 3505 stabiliunt
1216 3448 1404 3521 tyrannidem
1419 3447 1593 3507 Romanen-

303 3551 393 3618 sinm,
415 3551 468 3622 (μα’
487 3549 657 3608 subvertunt
669 3552 870 3622 etntnpelicnm
891 3552 1057 3621 ueritatem,
1080 3552 1132 3624 (μα’
1152 3550 1311 3609 obscurant
1324 3551 1451 3623 aleriam
1467 3550 1592 3609 t'lrristi:

303 3652 389 3724 atqui
403 3651 547 3710 aduersus
569 3654 636 3711 istos
656 3668 772 3725 semper
794 3652 899 3711 bellum
916 3655 1004 3725 pessi.
1042 3655 1147 3710 inritat
1167 3659 1262 3711 autem
1286 3652 1329 3709 ad
1348 3662 1467 3727 purtem
1490 3657 1591 3729 ipsias,

303 3770 393 3828 quum
414 3755 487 3813 milti
507 3756 637 3813 nondam
659 3761 768 3814 constet
786 3755 836 3814 uid
853 3757 891 3812 sit
903 3753 1057 3814 Huttenas.
1092 3756 1197 3813 Verum
1218 3754 1267 3813 iric
1285 3756 1400 3813 interim
1417 3771 1507 3828 copor
1525 3758 1581 3814 ‹le-
1593 3767 1659 3818 §.nn

270 3857 441 3916 nsiderare
462 3859 604 3917 indicium
622 3857 756 3930 Hutteni,
778 3873 867 3931 quum
888 3863 949 3917 toto
968 3857 1027 3916 liae
1043 3860 1175 3916 oratione
1191 3855 1292 3928 saciat
1309 3872 1355 3916 me
1373 3858 1516 3917 bominem
1536 3876 1592 3916 rci-

303 3960 469 4031 nissimum,
503 3961 693 4029 lenissimum,
727 3962 1038 4031 inconstantissimum‚
1071 3970 1099 4019 ct
1126 3962 1178 4034 qui
1208 3958 1309 4031 frusto
1339 3962 1429 4034 panis
1455 3964 1594 4020 reoacnri

301 4063 410 4135 possim
425 4064 456 4119 in
474 4062 620 4120 diuersam
634 4068 764 4135 partem,
785 4062 970 4137 imbecillem,
995 4064 1209 4135 meticulosum,
1231 4078 1413 4135 ennnpuem,
1432 4064 1506 4137 quid
1518 4080 1592 4138 apres

303 4170 347 4221 est
367 4164 455 4221 talem
477 4165 507 4221 in
532 4163 657 4236 fortium
686 4166 815 4222 uirorum
840 4171 944 4237 partes
971 4166 1110 4235 inritare,
1144 4166 1271 4223 arcticum
1298 4153 1481 4241 doripetron,
1510 4175 1539 4225 ct
1566 4169 1593 4223 si

300 4271 483 4341 perseueret,
506 4266 581 4323 nillil
597 4266 683 4324 aliud
698 4283 788 4340 quam
803 4269 961 4339 sicrdnum,
982 4274 1013 4324 ut
1029 4244 1128 4324 draci
1140 4266 1258 4339 dicunt,
1276 4262 1445 4324 auxilium?
1465 4267 1527 4325 Sed
1542 4269 1581 4326 de
1591 4280 1658 4329 §.usn

267 4369 435 4428 sanantem
460 4386 498 4428 ac
511 4371 651 4444 pontifice
679 4371 738 4426 iam
765 4369 851 4439 satis,
879 4370 1000 4443 opinor,
1029 4369 1137 4427 dictitm
1160 4375 1219 4435 est‚·
1246 4383 1326 4424 nunc
1349 4371 1486 4440 quoniam
1508 4372 1590 4428 locits

304 4472 454 4542 admonet,
483 4487 585 4545 patrea
610 4472 648 4530 de
667 4472 795 4530 moribus
815 4473 886 4529 meis
906 4470 1102 4545 respondebo,
1134 4486 1206 4543 auos
1231 4472 1374 4544 promittit
1393 4487 1424 4528 se
1447 4480 1591 4545 perpetuo

303 4572 494 4632 detectorum.
536 4582 567 4633 at
595 4591 696 4631 aeruna
721 4591 757 4632 ne
780 4573 835 4631 boc
863 4573 959 4631 libello
988 4574 1083 4645 incipis
1109 4572 1255 4631 detexerit
1284 4588 1352 4631 suos
1378 4588 1473 4631 mores
1502 4590 1590 4647 paam

303 4691 381 4734 meos
387 4698 397 4742 ‚·
420 4692 457 4733 ac
476 4674 615 4746 stutassn's
635 4678 698 4749 ipsc
713 4678 873 4735 consultius
887 4676 1010 4750 fecerit,
1033 4677 1060 4733 si
1074 4675 1191 4733 student
1204 4678 1265 4734 suis
1282 4675 1410 4734 moribus
1430 4682 1591 4750 rrntlepcn-

371 4894 729 4961 ¹⁶sonsn.]Expost.§.lisis.
767 4893 1193 4961 ¹⁹nihnon.]cf.Expost.§.l;'si.
1234 4893 1475 4946 ²⁰rudicitnmbd.
1516 4895 1588 4947 Μ’.

303 4985 415 5050 Expost.
429 4986 468 5043 ξς.
482 4982 539 5030 nno.
548 4998 605 5045 sqq.
658 4979 679 5010 ⁸³
699 4970 796 5045 ἐφήμ]
816 4980 909 5029 Voluit
927 4970 1097 5045 lmnpipior,
1118 4981 1198 5029 surius
1216 4980 1286 5041 dici,
1306 4983 1424 5041 varium,
1445 4982 1479 5031 ad
1498 4984 1589 5032 subita

303 5086 392 5120 rerum
416 5067 574 5117 flexibilem.
643 5063 787 5130 ³⁴avnt'rn
806 5056 956 5129 ἐπικουρία
978 5066 1082 5118 Macar.
1095 5063 1205 5115 vitos.
1258 5064 1281 5096 ³⁶
1299 5067 1588 5135 Expost.§§.·237.sq.

1299 5151 1365 5212 20*
