3934 6034
427 711 623 761 cccxxxln.
644 725 762 760 suasisti
775 725 876 759 sisiani
891 725 1031 759 tnvsusss
1045 723 1216 758 isssaoiuiss
1230 722 1361 758 nvsrssi.
1462 692 1535 763 273

256 884 402 957 iteritatis,
424 899 459 940 ea
483 882 566 940 decet
588 883 764 940 Germanum
774 902 784 947 ,·
816 897 873 938 non
893 882 1007 954 patitur
1026 881 1168 953 ubropari
1185 880 1241 939 sibi
1259 881 1378 938 laudem
1396 879 1536 938 burnoni-

255 987 337 1053 tiitis‚
359 1001 396 1041 iii
420 986 502 1042 decet
519 986 666 1042 literatum
674 1003 686 1049 ,·
718 990 807 1054 ireaiit
826 984 969 1039 sustinere
990 999 1022 1040 se
1045 990 1075 1040 ut
1095 999 1114 1040 u
1136 998 1280 1055 quicquum
1302 984 1455 1054 iristipelur
1475 984 1535 1039 ud-

254 1102 356 1144 rersus
381 1089 522 1155 iiiiiicum,
552 1086 634 1144 decet
662 1085 716 1142 boc
739 1083 848 1155 sortem
875 1100 912 1141 ac
934 1085 1110 1157 prudentem
1132 1086 1269 1160 equitem,
1292 1100 1346 1142 nec
1363 1092 1434 1157 puta
1453 1086 1534 1140 ilium

252 1189 394 1259 ianornre
416 1205 504 1260 quam
527 1188 601 1245 niliil
626 1189 664 1244 sit
690 1186 875 1244 tribuendum
896 1188 1006 1258 linquis
1028 1186 1231 1257 delatricibus,
1260 1203 1317 1259 per
1340 1203 1414 1259 orias
1434 1202 1534 1259 suipe-

232 1304 377 1347 saumcro
399 1297 457 1347 tota
478 1292 565 1347 etiam
584 1306 677 1360 repaa
698 1288 921 1354 subvertuntur,·
951 1303 1006 1346 nec
1025 1286 1107 1359 siagrii
1127 1304 1191 1346 eum
1214 1305 1301 1361 quain
1324 1305 1405 1360 aare
1425 1291 1463 1347 sit
1481 1306 1534 1346 re-

253 1393 456 1449 nunciandum
485 1394 638 1461 auaritia,
664 1393 832 1464 prasertim
862 1405 929 1463 otini
957 1391 1074 1446 minime
1101 1392 1233 1462 sulpuris
1251 1389 1330 1461 suit,·
1365 1405 1452 1462 quam
1474 1406 1531 1447 non

253 1500 359 1552 temere
380 1494 528 1567 capienda
546 1496 583 1550 sit
603 1492 746 1551 iiilurrsiis
762 1492 917 1566 probatam
937 1496 1064 1549 amicum
1083 1494 1219 1565 suspicio.
1254 1499 1398 1566 pastreiria
1413 1493 1532 1564 otiando
1543 1498 1600 1546 §.m

251 1612 364 1653 inarum
387 1612 500 1669 quoque
521 1595 640 1652 laudem
661 1595 717 1652 sibi
737 1595 880 1664 uindicat,
906 1610 962 1651 nari
986 1600 1082 1666 potest
1105 1596 1187 1651 illum
1212 1593 1323 1666 supere
1350 1594 1422 1668 auid
1446 1611 1532 1652 reiu-

251 1701 355 1755 reiitiie
378 1698 480 1756 debeat
507 1699 617 1755 ‘iuuenis
638 1698 715 1768 seiri,
738 1713 826 1766 cana,
850 1697 958 1766 amico,
981 1694 1153 1752 berrenierito
1174 1702 1202 1753 et
1223 1695 1431 1753 benemerenti:
1462 1697 1535 1769 ipdd

218 1803 329 1856 merum
351 1817 430 1859 iiuac
451 1800 537 1857 aliud
560 1814 616 1871 aaa
637 1814 725 1872 qaam
745 1798 872 1855 assiduis
895 1799 965 1854 niuis
986 1797 1135 1855 laboribus
1156 1814 1218 1855 rein
1239 1800 1437 1870 eoanpelicam
1455 1815 1532 1871 pra-

251 1898 369 1960 uioreo?
400 1904 493 1959 Atros
514 1904 606 1973 ipitui·
623 1902 769 1973 slapitiuni
794 1900 991 1957 intercesserit
1010 1906 1134 1972 oportet,
1162 1901 1242 1972 quod
1260 1903 1433 1973 compulerit
1450 1901 1531 1959 llut-

250 2010 347 2061 teiiuin
372 2004 562 2061 burnaiiitulis
589 2004 744 2061 aritistitem
771 2002 885 2059 uiolatis
913 2002 1044 2059 amnibus
1066 2001 1238 2059 Gratiarum
1259 2003 1383 2074 leuibus,
1414 2003 1531 2061 oblitum

249 2108 342 2162 irniriis
370 2122 443 2163 mere
468 2106 664 2175 beneficentia
685 2105 839 2177 pristinae,
865 2110 966 2177 spreta
994 2106 1158 2161 reuerentia
1183 2120 1249 2176 qua
1276 2105 1436 2163 debebatur
1463 2106 1531 2163 buia

249 2208 388 2273 carrielli,
411 2223 498 2279 quam
521 2210 615 2281 ipsam
636 2222 746 2278 maana
762 2222 801 2263 en
816 2212 904 2278 parte
919 2205 1008 2264 debeo
1026 2206 1175 2264 laboribus
1197 2207 1301 2279 quibus
1320 2207 1448 2280 publica
1469 2209 1530 2265 uti-

218 2311 328 2367 initiati·
344 2312 484 2380 inservio,
507 2313 590 2367 rudia
610 2310 766 2383 praemissa
786 2309 1032 2381 expostulatione,
1056 2324 1123 2381 quar
1137 2310 1208 2379 fieri
1222 2310 1294 2367 solet
1307 2311 1384 2368 inter
1396 2310 1530 2384 publicas

248 2411 342 2469 liostes
366 2414 454 2485 prius
480 2427 568 2484 quain
593 2413 679 2482 siano
704 2412 927 2479 committamur,
952 2410 1060 2468 libram
1087 2412 1117 2467 in
1140 2410 1297 2469 Erasmum
1319 2414 1462 2483 tamarit,
1489 2420 1529 2469 tot

248 2515 424 2585 irretiebaris,
453 2522 493 2573 tot
512 2516 662 2585 cariiiiciis,
689 2521 727 2571 tot
748 2514 951 2571 amarulentiis
973 2512 1102 2584 aridique
1122 2509 1301 2572 scatentem?
1332 2513 1396 2571 Noa
1417 2515 1599 2586 abromum.

247 2618 306 2688 ipsi
324 2617 443 2674 laudem
465 2618 607 2682 unitatis,
630 2616 684 2673 sed
703 2614 758 2674 boc
778 2616 892 2674 indicat
915 2616 981 2688 ipsa
999 2630 1061 2685 res,
1083 2616 1141 2683 illi,
1164 2629 1252 2687 quum
1270 2614 1336 2673 lioec
1356 2616 1526 2684 adornaret,

247 2726 445 2790 siippestoram
472 2719 568 2791 fuisse
593 2720 622 2775 in
646 2718 767 2776 consilia
793 2719 879 2789 laiipe
902 2718 1031 2775 omnium
1059 2718 1256 2774 uanissimam.
1304 2717 1445 2776 Craterum
1468 2721 1527 2776 iani

213 2821 407 2879 ioairdtnrnas
428 2821 579 2879 liorrenda
598 2822 739 2890 crimina,
759 2817 862 2891 quibus
880 2818 980 2876 dilutis
1001 2820 1114 2876 ranam
1136 2819 1179 2876 ad
1198 2820 1276 2877 illud
1293 2822 1420 2878 amnium
1442 2828 1527 2879 atro—

248 2924 410 2993 cissimum,
432 2926 460 2981 si'
480 2938 578 2981 uerum
596 2930 683 2993 esset,
712 2921 863 2993 quadrua
882 2923 968 2993 prius
990 2927 1069 2979 stare
1089 2923 1190 2978 salitus
1211 2937 1230 2978 a
1247 2928 1337 2995 parte
1357 2926 1527 2995 eoanpelica

247 3041 327 3082 nunc
353 3027 445 3084 subita
472 3031 599 3083 mutatus
627 3025 657 3081 in
686 3023 832 3080 diversum
859 3022 1025 3093 apprediar
1051 3028 1137 3079 tatum
1165 3026 1347 3095 euanpelium
1372 3042 1432 3083 una
1460 3041 1525 3083 curri

261 3126 362 3185 ''liristo
383 3127 563 3196 subuertere,
585 3140 651 3183 cum
672 3125 721 3182 bic
740 3126 803 3197 ipse
818 3123 939 3181 Hutteni
957 3123 1071 3181 libellus
1092 3123 1250 3196 offenderit
1270 3142 1316 3184 ine
1334 3129 1390 3185 tota
1407 3135 1526 3202 pectore

245 3228 400 3287 sudantem
425 3232 454 3287 in
477 3228 667 3304 probibendo
695 3228 813 3299 rieaacia
839 3227 1021 3298 eoaapettco,
1047 3242 1102 3285 nec
1128 3227 1166 3285 ab
1192 3227 1247 3286 boc
1267 3230 1363 3287 studio
1383 3232 1524 3308 conquie-

209 3333 336 3388 riirerim
358 3348 488 3405 unquam
510 3334 539 3389 in
562 3332 650 3388 inritis
670 3344 770 3387 rerum
791 3327 956 3386 tumultibus
975 3344 1012 3386 ac
1029 3328 1253 3388 discriminibus.
1290 3331 1420 3389 Primum
1435 3333 1597 3404 ipiturtai.

244 3435 355 3490 crimen
380 3435 457 3492 iliud
476 3442 532 3493 est:
565 3433 649 3491 luter
669 3433 806 3504 epistolas
827 3446 908 3487 irieas
928 3437 1012 3487 extat
1038 3431 1176 3503 quadarn
1198 3433 1241 3489 ad
1259 3432 1399 3492 Iacobum
1421 3433 1524 3493 Hacli-

244 3543 383 3608 stratum,
406 3538 489 3595 cuius
511 3537 624 3593 initium
642 3541 685 3592 est
706 3534 848 3592 ‘Anteliac
871 3533 980 3604 lepenti
998 3530 1094 3604 milii’,
1119 3550 1206 3606 quain
1227 3536 1322 3593 sicui
1343 3536 1457 3595 vacabit
1477 3539 1524 3594 le-

241 3654 327 3710 dere,
352 3641 488 3712 protinus
515 3639 656 3709 iriteliipet
680 3653 767 3710 quarn
791 3637 830 3693 sit
856 3636 1010 3708 impudens
1029 3637 1179 3694 caluirrnia
1201 3638 1280 3709 quod
1300 3638 1425 3696 intendit
1445 3638 1523 3697 Hat-

245 3745 346 3798 tenus:
374 3744 528 3814 eaposlulo
546 3743 623 3799 enim
647 3741 707 3798 illic
727 3753 793 3797 cum
810 3734 1002 3808 Hoclistrata,
1023 3737 1102 3810 qiiad
1121 3741 1335 3798 amarulentiiis
1357 3755 1444 3813 quam
1468 3741 1523 3799 de-

210 3851 312 3900 :ioceut
335 3844 497 3915 tbeolapum
525 3845 716 3901 insectaretur
739 3840 932 3913 Capnionem,
961 3840 1042 3913 quod
1066 3841 1325 3914 incomparabilem
1350 3844 1444 3900 cirum
1469 3859 1523 3901 co-

244 3947 339 4003 mitem
361 3962 381 4001 a
403 3945 603 4018 abundando
625 3946 686 4002 suis
702 3945 820 4016 scriptis
842 3943 910 4001 adia
932 3944 1168 4016 perstrinxisset,
1195 3944 1275 4016 quad
1294 3959 1339 4002 me
1359 3961 1472 4018 quaque
1493 3949 1522 4002 i'ir

243 4047 318 4104 libra
339 4063 422 4118 quem
445 4049 588 4106 aduersus
609 4046 787 4121 Capriionem
810 4046 929 4119 scripsit
949 4045 987 4102 de
1006 4044 1132 4117 Cabala,
1153 4052 1265 4119 praeter
1285 4050 1466 4106 occasionem
1485 4064 1523 4105 ac

242 4150 375 4206 meritum
398 4152 546 4222 attipisset.
587 4150 630 4207 ad
650 4149 683 4207 id
702 4148 781 4220 qaod
798 4154 858 4204 tuin
880 4149 1077 4218 institueram,
1096 4154 1168 4221 puta
1190 4148 1265 4207 iiiliii
1281 4157 1520 4222 arpiimantoruin

242 4268 304 4309 esse
323 4255 562 4324 proetermissum.
597 4250 658 4309 Sed
677 4249 801 4322 offendit
817 4249 974 4308 Hutteiium
996 4249 1075 4323 qiiod
1095 4252 1176 4308 illuni
1198 4254 1343 4326 appellem
1366 4251 1519 4311 Reueren-
1529 4266 1548 4316 i.
1555 4270 1588 4314 ii.

208 4354 314 4410 isdum
342 4360 471 4427 patrem,
505 4357 593 4428 quasi
620 4369 687 4412 ueiu
717 4368 774 4410 nori
799 4353 830 4409 iii
856 4353 959 4409 mediis
979 4354 1067 4410 etiam
1093 4351 1277 4426 bellisrepes
1298 4355 1442 4413 banarent
1460 4373 1522 4413 sese

241 4457 407 4514 solennibus
427 4459 526 4515 titulis.
568 4463 648 4515 certe
669 4458 767 4513 nullus
796 4469 844 4511 am
863 4452 927 4524 suit
946 4455 1124 4526 suspiciosus
1143 4462 1255 4528 proeter
1271 4454 1447 4528 Hutteniim,
1470 4460 1522 4530 qui

240 4574 286 4615 me
308 4558 455 4617 indicaret
474 4559 617 4617 eiusmodi
632 4559 722 4616 titulis
743 4558 897 4615 adulatum
914 4555 1107 4624 Haemona,-
1137 4566 1224 4615 erant
1244 4562 1296 4631 qui
1316 4562 1396 4617 illum
1417 4562 1519 4633 suspi-

240 4666 383 4717 carentur
401 4663 530 4718 irrisum.
575 4661 629 4719 sed
646 4659 771 4732 offendit
788 4662 878 4730 scria,
897 4658 976 4731 quad
996 4661 1026 4716 in
1047 4659 1151 4716 eadem
1168 4663 1395 4733 perstrinxerim
1414 4663 1517 4735 ipsum,
1528 4674 1585 4724 §.sa

240 4762 320 4835 ipiiad
345 4779 438 4835 irpeas
464 4763 501 4820 ile
527 4765 655 4836 epistolis
682 4778 757 4835 quas
780 4762 925 4835 Capiiian,
948 4759 1111 4832 Basilius,
1135 4763 1233 4821 Comes
1263 4780 1282 4821 a
1308 4779 1383 4822 naon
1410 4765 1518 4838 Aquila

308 4966 328 4995 ¹³
349 4966 521 5015 luenticuntiae
542 4970 566 5015 t.
616 4965 636 4997 ¹⁸
656 4950 785 5032 unisti-ici]
806 4966 864 5015 eius
883 4966 927 5030 qui
947 4980 1033 5014 annos
1051 4954 1112 5014 Lbl
1131 4973 1187 5016 tum
1206 4967 1335 5017 habibat.
1383 4965 1517 5035 ²⁶ep1st.]

241 5052 277 5101 et.
298 5052 409 5114 Expost.
424 5053 446 5109 ξ.
461 5051 501 5098 58.
554 5048 574 5127 ¹}
592 5050 685 5099 nulla?
704 5051 746 5100 Ui.
760 5068 785 5116 p.
798 5050 856 5100 iio.
871 5052 904 5101 ad
917 5067 943 5101 v.
955 5051 997 5100 35.

302 5153 430 5202 Hsissiii
449 5153 516 5200 Ore.
536 5167 598 5202 voa.
612 5153 648 5203 ΙΙ.
1265 5135 1301 5198 ¹8
