3934 6034
404 673 616 728 cccxxxulr.
636 688 824 726 snvnsrensn
838 688 891 724 reo
905 688 1034 723 evrreno
1047 688 1083 722 an
1096 686 1199 722 ennsur
1214 687 1354 723 seonururr
1371 686 1534 722 nesronsro.
1573 656 1645 727 327

422 843 496 926 [io]
541 866 590 907 nn.
622 850 718 905 Huius
747 850 893 920 tragedicr
919 848 1109 919 prohemium
1140 849 1241 903 extitit.
1314 863 1365 903 or.
1400 845 1493 903 Erunt
1516 865 1646 921 prorsus:

359 934 503 1010 oportebat
525 935 596 991 enirn
619 934 683 990 belli
706 935 839 1008 quoddam
862 933 1011 1007 auspicium
1034 951 1107 996 csse;
1131 934 1234 988 ntirmm
1256 941 1346 988 autern
1369 933 1537 988 occasionem
1562 941 1589 988 tu
1606 950 1647 987 re·

359 1020 499 1081 scidisses,
523 1021 596 1093 quod
619 1020 720 1094 optime
743 1029 866 1093 poteras.
896 1027 923 1074 et
946 1018 1018 1074 illam
1041 1036 1095 1073 non
1118 1036 1214 1093 passus
1238 1018 1336 1073 luisses
1358 1017 1490 1073 dominari
1514 1016 1564 1072 sibi
1587 1017 1646 1091 phi·

360 1105 482 1167 lantiam,
506 1123 558 1178 qua
581 1123 637 1179 pree
660 1113 686 1160 te
710 1122 804 1160 omnes
826 1105 972 1160 Gerrnunos
995 1104 1155 1160 contemnis.

338 1206 350 1243 e
424 1185 497 1267 [eh]
543 1207 593 1246 nn.
616 1190 664 1246 Me
685 1199 845 1262 gravaturo
868 1197 942 1245 esset
962 1192 1077 1245 incidie.
1143 1204 1194 1245 or.
1218 1187 1265 1244 Vel
1282 1187 1471 1262 hincapparet
1487 1205 1540 1260 qno
1556 1188 1646 1243 animo

360 1277 386 1331 in
410 1277 557 1331 tlcrnrunos
580 1277 625 1331 sis.
671 1276 716 1331 sed
747 1292 809 1331 num
839 1275 898 1330 ideo
927 1274 1047 1349 reppulit
1075 1282 1232 1348 peccatores
1254 1282 1282 1329 et
1303 1271 1461 1346 publicanos
1483 1291 1497 1327 a
1521 1290 1549 1328 sc
1572 1272 1647 1328 Chri·

358 1370 430 1421 stus.
460 1361 522 1433 qnia
553 1360 649 1417 invidie
672 1362 809 1433 gravaturi
832 1368 909 1415 crant
931 1361 1002 1434 apud
1024 1359 1180 1433 pontifices,
1208 1358 1359 1415 Pharisaeos
1382 1366 1409 1413 et
1432 1358 1576 1431 optimates
1599 1358 1646 1413 se?

361 1446 481 1502 llmccino
504 1454 546 1502 est
569 1446 614 1501 illa
637 1447 760 1502 doctrina
784 1454 841 1506 tna.
871 1463 923 1518 qna
945 1446 1027 1501 doces
1050 1462 1227 1518 personarum
1251 1453 1403 1517 respectum
1426 1443 1496 1517 apud
1519 1442 1647 1497 Christia-

360 1547 410 1586 nos
433 1531 655 1605 superstitiosum
679 1549 752 1593 esse,
783 1531 915 1585 neminem
939 1547 999 1585 esse
1021 1529 1263 1590 contemnendum.
1288 1539 1314 1583 ct
1336 1529 1438 1584 animas
1460 1545 1521 1584 esse
1543 1544 1646 1601 ponen-

325 1616 405 1671 urdas
428 1633 479 1688 pro
503 1615 652 1672 fratribus?

421 1695 506 1779 [sel]
552 1719 601 1758 er.
631 1702 744 1773 Scripsi
766 1702 892 1756 Hutteuo
923 1716 1014 1755 meum
1042 1702 1167 1755 strumum
1195 1701 1301 1755 nullius
1328 1700 1397 1754 mali
1422 1700 1476 1755 sibi
1502 1699 1645 1754 conscium

356 1801 426 1841 csse.
492 1802 542 1842 or.
567 1786 622 1842 lloc
644 1787 761 1860 primum
784 1786 920 1859 refugium
944 1793 986 1840 cst
1009 1784 1187 1845 fraudulenti.
1212 1792 1242 1839 ut
1264 1802 1324 1840 cum
1348 1784 1429 1840 lecerit
1451 1783 1644 1857 deprehensus,

356 1871 426 1927 dicat
451 1880 513 1927 ‘nou
537 1872 611 1934 [θεὴ
642 1889 729 1945 neque
758 1871 803 1927 ille
832 1870 939 1928 volebat
967 1870 1034 1933 boc,
1064 1871 1126 1944 quid
1152 1880 1180 1925 tu
1205 1869 1252 1924 tibi
1275 1871 1400 1925 conscius
1423 1886 1511 1929 esses,
1543 1869 1590 1924 scd
1612 1869 1645 1924 dc

357 1955 490 2029 scriptura
513 1964 544 2011 ut
566 1956 751 2031 expostularet
775 1964 876 2018 tecum.
900 1974 931 2011 es
954 1973 1006 2029 qtra
1030 1955 1175 2012 ludibrium
1198 1955 1277 2017 lacis,
1301 1963 1328 2009 et
1352 1953 1424 2028 qnod
1447 1953 1558 2009 nimiunn
1581 1972 1645 2028 pru·

323 2041 456 2096 redentice
479 2041 596 2097 intendis
620 2050 672 2098 ture
695 2042 888 2114 hominumque
911 2042 1092 2115 praescriptis,
1116 2057 1187 2096 nunc
1202 2040 1330 2095 damnans
1346 2056 1406 2113 qcrm
1422 2038 1565 2112 aliquando
1581 2056 1644 2113 pro·

358 2125 454 2189 habas,
472 2143 543 2182 nnnc
559 2143 666 2182 rursum
683 2126 801 2199 probans
818 2144 879 2200 que
893 2125 1052 2188 damnabas;
1076 2126 1147 2199 quod
1163 2143 1213 2199 pro
1229 2125 1357 2181 varietate
1372 2141 1550 2198 personarum
1566 2124 1644 2179 aliam

356 2220 438 2284 atque
461 2211 540 2267 aliem
564 2211 651 2266 induis
675 2212 769 2267 luciem
791 2230 841 2286 pro
865 2220 1003 2285 tempore.
1026 2219 1053 2266 ct
1077 2211 1148 2284 quod
1171 2228 1224 2266 nun
1242 2218 1295 2266 tam
1312 2210 1473 2265 Vertumnus
1488 2210 1577 2264 surius
1593 2218 1644 2270 est.

357 2314 436 2370 quam
463 2304 493 2351 tu
522 2296 569 2352 tihi
599 2297 624 2351 in
656 2298 778 2352 oratione
806 2315 836 2352 es
865 2296 1070 2351 dissimillimus.
1115 2295 1176 2352 llaec
1198 2305 1262 2352 sunt
1285 2313 1345 2369 qne
1368 2295 1395 2350 in
1419 2304 1445 2350 te
1468 2294 1642 2368 improbavit.

356 2382 435 2436 citam
464 2398 528 2437 vero
557 2391 584 2437 et
613 2381 792 2437 cruditionem
820 2390 848 2437 ct
870 2381 1055 2455 eloquentiam
1077 2398 1213 2454 utinquam
1237 2380 1407 2454 improbavit.
1453 2378 1504 2435 Sed
1527 2380 1588 2435 audi
1611 2380 1643 2435 dc

321 2467 408 2522 eohoe
430 2467 509 2522 etiam
534 2467 619 2540 ipsius
641 2467 738 2522 verbe:
763 2466 838 2541 „Ego
862 2466 969 2540 quidem
993 2467 1062 2522 huod
1079 2474 1159 2541 pino.
1183 2467 1286 2539 inquit.
1310 2482 1398 2539 neque
1414 2464 1462 2520 ulli
1478 2464 1641 2526 Christiano,

356 2550 441 2607 multo
465 2552 549 2624 magis
573 2553 654 2608 docto
677 2551 808 2625 theologo
831 2569 891 2607 csse
914 2550 1101 2607 simulandum.
1147 2550 1275 2607 litlrnicus
1297 2567 1406 2624 quoquc
1429 2550 1548 2623 scriptor
1563 2550 1644 2605 simu·

356 2636 485 2693 lationem
508 2636 629 2692 danmat:
659 2636 731 2693 tollit
760 2638 846 2717 enim,
876 2637 976 2709 inquit,
1006 2637 1132 2692 indicium
1161 2636 1230 2698 reri.
1261 2636 1340 2709 idque
1369 2634 1511 2692 adulterat.
1557 2636 1642 2690 Tanto

355 2721 457 2783 minus.
482 2723 529 2795 qui
551 2731 614 2778 tuus
637 2730 679 2777 est
702 2730 803 2785 status,
828 2720 978 2778 simulando
1001 2739 1031 2778 ec
1053 2721 1248 2777 dissimulando
1269 2720 1424 2777 conversari
1447 2719 1600 2775 hominibus
1617 2729 1643 2775 to

355 2807 447 2869 decet;
470 2824 520 2862 nos
543 2807 631 2862 omnia
654 2807 719 2862 dura
743 2816 769 2863 et
792 2807 902 2863 adversa
925 2807 1013 2863 lacere
1036 2815 1063 2862 et
1086 2807 1155 2880 pati,
1185 2815 1215 2861 nt
1236 2813 1344 2863 constet
1366 2804 1491 2866 libertas.
1521 2822 1570 2879 par
1592 2813 1642 2861 est.

320 2900 386 2947 retu
409 2892 504 2947 necubi
528 2892 662 2954 edendas,
687 2909 720 2947 ne
743 2892 893 2965 suspitione
917 2891 1025 2966 quidem
1047 2901 1077 2947 ut
1101 2892 1222 2952 labores.
1247 2892 1272 2946 id
1289 2890 1429 2946 videndum
1444 2898 1486 2945 est
1502 2889 1641 2953 omnihus;

356 2977 377 3031 si
401 2977 511 3033 victoria
535 2984 696 3050 sequeretur
725 2977 775 3033 hos
797 2985 927 3044 conatus,
956 2994 1035 3032 nemo
1058 2978 1097 3031 nti
1121 2975 1228 3038 mullet:
1257 2993 1317 3032 cum
1341 2976 1405 3049 quid
1428 2975 1549 3031 imminet
1572 2976 1643 3049 pori·

354 3061 422 3121 culi.
452 3080 505 3118 non
532 3063 633 3118 vereris
656 3062 736 3118 ctiam
759 3062 983 3117 amicissimorum
1005 3080 1065 3118 cum
1089 3062 1267 3117 insectatione
1290 3059 1449 3116 declinere”.
1495 3060 1555 3116 ttae
1578 3060 1644 3115 llut-

355 3155 441 3203 lenus,

418 3228 504 3309 [tlh]
549 3249 598 3289 en.
628 3234 671 3288 Ara
695 3233 748 3288 hoc.
770 3233 847 3304 quod
867 3233 1029 3299 moliretur,
1061 3232 1232 3287 corrduccret
1250 3232 1374 3301 prrblicis
1388 3231 1503 3296 studiis,
1527 3231 1642 3301 negocio

320 3320 519 3391 soeoungelico
542 3337 576 3373 uc
609 3320 694 3374 rebus
716 3320 800 3373 etium
830 3319 897 3373 suis.
966 3334 1016 3372 or.
1040 3320 1080 3372 dn
1104 3315 1218 3390 puhlicis
1247 3315 1344 3371 studiis
1367 3314 1467 3389 aliquid
1497 3315 1640 3388 profuerit,

354 3420 448 3476 parum
465 3405 563 3467 relcrt;
586 3404 701 3476 negocio
717 3402 872 3477 evangelico
889 3402 910 3457 si
935 3420 988 3458 nou
1012 3401 1129 3475 proluit.
1153 3400 1220 3455 nihil
1245 3400 1348 3462 obluit:
1371 3418 1401 3455 ac
1423 3418 1457 3455 ne
1480 3400 1538 3454 suis
1560 3400 1641 3455 etiarn

354 3487 449 3550 rebus.
467 3506 533 3562 quus
556 3488 737 3544 destinaverat
753 3488 804 3545 hnc
820 3487 916 3548 semel.
934 3505 967 3543 ne
983 3488 1056 3542 diros
1079 3486 1156 3541 beret
1178 3486 1218 3542 ccl
1242 3493 1381 3560 spectatus
1405 3486 1430 3539 in
1455 3485 1505 3540 hoc
1538 3483 1639 3540 seculo.

418 3569 504 3650 [sib]
550 3590 599 3629 en.
634 3574 742 3629 Retulit
769 3575 915 3644 epistolum
943 3574 1159 3628 atrocissimum.
1231 3587 1281 3627 or.
1311 3571 1362 3627 Sed
1392 3570 1477 3625 multo
1506 3569 1643 3625 crudelius

353 3668 409 3716 eret
434 3658 544 3721 vulnus,
573 3659 616 3714 eni
640 3659 823 3714 medicandum
847 3658 949 3719 luerat,
979 3665 1007 3712 et
1034 3656 1163 3731 poscebat
1194 3656 1246 3712 tale
1269 3656 1400 3729 malagma
1423 3655 1540 3729 pessima
1562 3654 1641 3729 plaga

319 3756 344 3796 ss
355 3754 398 3800 tna
423 3744 602 3800 vehementer.

417 3824 502 3907 [ets]
547 3846 596 3885 un.
628 3830 767 3900 Proponit
795 3831 901 3901 aliquot
928 3830 1060 3883 crimine.
1139 3843 1188 3883 or.
1212 3825 1282 3881 nihil
1311 3842 1365 3880 non
1395 3825 1459 3880 lecit
1486 3832 1514 3880 et
1542 3824 1643 3880 unllam

353 3916 510 3972 medicinam
533 3921 661 3988 expertus
685 3922 803 3970 nonest
826 3931 879 3988 que
902 3931 1010 3969 rursum
1033 3912 1205 3968 lucrilaccret
1228 3920 1269 3967 tc:
1299 3929 1370 3966 ntum
1393 3910 1542 3973 blanditur,
1572 3927 1643 3966 nune

353 4010 458 4064 monet.
490 4017 560 4056 nune
583 3999 689 4072 arguit,
719 4016 790 4054 nunc
813 3997 964 4073 opprobrat
988 3998 1109 4072 quedem
1131 4006 1209 4053 antea
1232 3997 1338 4051 adserta
1362 4012 1410 4070 per
1434 4003 1473 4056 tc.
1502 4009 1573 4051 nnuc
1596 3995 1643 4050 ob-

354 4095 441 4142 secrat
464 4085 596 4141 rationem
621 4092 650 4139 ut
673 4084 771 4140 hnheas
795 4092 910 4140 senectre
933 4091 960 4139 et
990 4083 1152 4139 eruditionis
1182 4090 1243 4138 tnae.
1286 4080 1389 4137 nullum
1420 4088 1507 4136 tamen
1536 4078 1642 4153 insigne

319 4171 486 4244 tollagithnn
509 4170 647 4243 impingit,
678 4170 728 4225 nisi
758 4170 897 4243 perfidiam
925 4177 952 4224 et
976 4168 1048 4243 qnod
1072 4169 1098 4223 in
1121 4167 1334 4223 adversariorum
1357 4174 1445 4221 castra
1473 4166 1641 4239 perlegeris;

353 4257 430 4312 cuins
453 4255 564 4312 sceleris
587 4263 613 4310 te
637 4256 702 4310 udco
725 4272 780 4310 non
803 4255 900 4328 pudet.
931 4263 961 4309 ut
984 4254 1106 4328 rporedam
1129 4252 1209 4308 etiam
1232 4252 1402 4326 apertissima
1425 4251 1451 4305 in
1481 4249 1558 4304 libris
1588 4250 1642 4305 tuis

355 4359 414 4414 epm
438 4341 540 4396 iaciunt
563 4358 612 4413 pro
637 4340 751 4413 negocio
775 4338 922 4412 evangelii,
946 4355 1016 4395 ntrnc
1039 4357 1122 4412 neges
1145 4345 1172 4393 et
1195 4344 1326 4393 recantes.

417 4421 503 4501 [sut]
549 4441 597 4481 en.
634 4426 673 4479 m
701 4427 812 4480 interim
839 4426 979 4496 promittit
1008 4426 1128 4480 libellum
1156 4438 1187 4478 sc
1214 4424 1291 4477 intro
1320 4423 1444 4477 triduum
1478 4422 1640 4476 missurum.

354 4527 404 4566 or.
428 4511 497 4565 l'ieri
520 4518 612 4584 potest
634 4518 663 4566 ut
684 4510 836 4584 descriptus
859 4510 959 4565 aLuca
981 4509 1097 4582 quodam
1120 4507 1266 4580 'lureginm
1288 4506 1454 4582 pervenerit,
1478 4505 1523 4560 scd
1547 4505 1640 4561 eodem

318 4605 478 4669 irrumpere
501 4613 555 4668 quo
580 4595 700 4650 redditus
723 4603 765 4651 est
789 4595 836 4650 tibi
861 4602 931 4649 tuus
977 4601 1004 4648 ct
1027 4594 1091 4667 qnid
1114 4594 1136 4648 si
1166 4591 1327 4664 vulgabatur
1354 4592 1434 4646 ctiam
1463 4599 1525 4646 ante
1554 4589 1642 4645 reddi·

354 4681 468 4741 tiorum,
493 4698 553 4735 rtnm
576 4680 642 4735 nibil
667 4680 772 4735 rolclnt
795 4698 874 4753 (peram
897 4679 968 4751 quod
993 4680 1074 4735 ctiurn
1097 4678 1172 4734 orbis
1195 4678 1276 4733 sciret
1298 4695 1356 4733 eam
1377 4675 1639 4750 expostulationem?

420 4864 596 4928 ¹proemium
617 4868 641 4913 3.
712 4861 841 4927 ⁸repulit
860 4866 886 4911 3.
957 4858 978 4891 ¹³
997 4859 1067 4926 qum]
1088 4860 1158 4924 quod
1178 4860 1203 4907 3.
1273 4857 1295 4890 ²²
1314 4860 1470 4909 adulterare
1491 4862 1514 4907 1.
1535 4858 1638 4907 adulte-

353 4955 411 4998 rste
432 4953 490 4998 23.
532 4946 554 4979 ⁴⁴
572 4950 650 4998 Lucu
669 4943 795 5012 quodum]
815 4947 856 4996 An
877 4962 893 4995 u
912 4948 990 4996 Lucu
1008 4945 1106 4995 Klett'l
1133 4945 1166 4994 de
1186 4959 1238 5009 quo
1256 4961 1281 4995 v.
1300 4945 1524 4996 dihomRsnric.
1542 4960 1567 5009 p.
1584 4941 1639 4991 loo.

353 5034 532 5100 Thurreginm
553 5037 578 5085 3.
