3934 6034
464 703 622 754 occului.
643 717 744 752 uunssn
761 718 821 751 uon.
837 717 872 751 nn
886 716 1035 754 urrunnun
1049 717 1091 749 nu.
1107 717 1133 750 o.
1145 709 1179 749 25.
1195 715 1277 750 unns.
1295 708 1352 748 ¹523.
1477 682 1548 755 179

260 894 321 934 una
340 884 447 954 cernor,
470 878 645 951 priusquam
659 875 727 934 tota
746 875 904 932 terribilem
927 872 1000 933 lello
1018 875 1142 932 sonitum
1159 880 1351 931 taratantara
1372 872 1461 944 (licat,
1485 875 1548 932 oel-

261 982 304 1037 uti
326 981 420 1037 missis
445 985 534 1054 patre
559 985 679 1053 patrato
708 993 745 1035 ne
771 974 884 1047 feciale
910 977 1030 1034 seeretis
1051 977 1142 1032 literis
1165 976 1208 1032 all
1227 992 1272 1033 me
1293 975 1384 1034 libere
1405 982 1434 1033 et
1454 977 1548 1034 eutice

259 1081 444 1155 perserttnre
465 1080 538 1154 auid
559 1081 595 1137 tle
613 1095 658 1136 me
679 1078 731 1136 aot
750 1079 878 1136 delatura
901 1081 954 1155 sit,
980 1084 1033 1135 ata
1048 1078 1122 1151 atriti
1139 1080 1254 1136 oonrina
1276 1080 1314 1136 sit
1331 1078 1411 1151 attali
1422 1081 1546 1136 euulee-

261 1192 306 1241 ret
325 1186 455 1240 tuuunou
477 1191 574 1240 netem:
603 1197 673 1237 trcuu
699 1182 776 1254 ipse,
804 1182 844 1238 ita
868 1197 913 1239 rue
935 1179 1100 1238 derisione
1129 1190 1220 1253 autel,
1249 1198 1306 1239 uon
1326 1196 1444 1254 possunt
1467 1181 1601 1241 ‹liri-§.s

242 1301 355 1353 suune:
377 1300 433 1342 nou
457 1284 555 1341 autito
576 1285 647 1356 quin
668 1285 719 1341 etot
734 1299 793 1357 per
813 1283 911 1340 annua
932 1284 986 1339 sirn
1005 1282 1229 1354 satisfacturos,
1249 1285 1307 1341 nisi
1324 1299 1449 1357 prorsus
1470 1284 1547 1341 eitius

259 1404 321 1446 esse
342 1388 456 1459 copisti
473 1401 562 1459 qumn
581 1387 648 1443 olim
665 1384 774 1455 suteris.
822 1382 952 1454 lltinaru,
974 1384 1169 1457 milletune,
1191 1401 1249 1443 uon
1263 1368 1387 1444 lioleres
1402 1387 1476 1443 alios
1490 1385 1601 1450 Ito-§.u

259 1496 315 1547 stes
336 1505 423 1562 puzan
446 1487 622 1555 Erasmum;
644 1489 755 1543 utinorn
777 1484 900 1543 Iralreres
921 1486 1063 1559 antioquiel
1076 1486 1125 1545 Iric
1141 1489 1275 1546 iuimicus
1289 1487 1341 1545 tior·
1353 1483 1453 1561 optut!
1471 1497 1546 1563 puto

260 1592 314 1649 Irae
336 1591 388 1649 tibi
408 1591 444 1648 tle
466 1589 581 1664 tripode
604 1590 721 1647 (listron.
767 1588 834 1645 Iron
855 1589 883 1645 si
902 1594 928 1645 te
948 1588 985 1645 oo
1005 1590 1132 1647 instituto
1153 1606 1294 1648 reuocare
1308 1607 1364 1647 nou
1378 1596 1472 1663 potest
1490 1596 1592 1648 trecis

261 1695 363 1752 ueteris
384 1694 522 1751 orrrieitieo
544 1694 661 1764 relipio,
682 1708 736 1749 trec
758 1691 921 1748 studiorum
943 1692 1139 1749 communium
1161 1694 1252 1763 ratio,
1275 1709 1329 1751 uec
1348 1692 1472 1751 Irostiuru
1493 1709 1547 1749 ro-

229 1822 252 1860 10
261 1799 374 1870 lupius,
401 1796 497 1867 sopita
520 1793 574 1852 Iros
593 1812 649 1851 non
672 1793 858 1851 irredioeriter
878 1792 921 1850 utl
941 1800 1022 1849 tutem
1049 1808 1163 1866 quoque
1184 1796 1428 1853 existimationem
1449 1798 1547 1869 perti-

260 1915 347 1955 nere:
380 1900 445 1970 qais
472 1898 549 1955 eslim
580 1912 636 1955 uon
668 1896 890 1954 desideraturus
915 1901 957 1953 est
979 1894 1190 1954 humanitatem
1215 1905 1243 1956 et
1266 1913 1376 1969 ponere
1402 1904 1431 1955 et
1454 1899 1548 1955 literis

262 2000 385 2071 stipulari
401 2000 431 2057 iu
446 1997 587 2070 lIuttenO,
611 1999 638 2054 si
656 1999 739 2055 stulta
757 1999 909 2057 lacessitus
931 1998 1042 2055 iniuria
1061 1995 1181 2069 serrum
1202 2001 1286 2058 tetuli
1301 2014 1408 2057 terreno
1427 2001 1545 2058 tilletum

259 2104 388 2173 striupnt
413 2102 443 2157 in
472 2095 621 2158 tarnenna?
646 2116 700 2159 uec
726 2099 858 2171 fortasse
885 2097 1023 2171 defuturi
1045 2106 1114 2158 sunt
1134 2102 1419 2176 puiperpeudeutes
1440 2104 1601 2175 artoinus.

259 2211 336 2261 statu
358 2220 406 2261 res
426 2210 484 2261 tua
512 2212 580 2260 sunt
605 2204 635 2260 in
655 2204 836 2276 prasentia,
865 2204 1052 2276 suspicentur
1075 2204 1137 2260 istis
1156 2204 1269 2262 artibus
1285 2204 1425 2278 pradum
1449 2205 1547 2263 irride-

228 2321 376 2377 tscttupue
400 2307 462 2378 peti
467 2325 479 2373 ,·
505 2312 534 2363 et
555 2305 722 2380 pericolum
747 2311 791 2362 est
815 2321 852 2361 ue
875 2305 960 2379 etputl
983 2308 1087 2364 enatos
1109 2304 1224 2364 litarent
1244 2308 1427 2378 coniectare,
1456 2309 1547 2366 niuri-

259 2424 326 2464 rum
349 2409 378 2464 in
399 2406 578 2481 prosupuru,
600 2407 762 2465 ooarotom
783 2412 811 2466 et
830 2407 874 2464 nel
890 2413 1053 2465 extremam
1068 2424 1168 2465 rerum
1184 2410 1311 2466 omnium
1327 2411 1456 2482 inopium
1470 2410 1546 2467 red-

261 2519 366 2567 aetum.
411 2508 475 2567 Non
496 2525 527 2567 es
554 2511 693 2582 ipuarus‚
721 2525 788 2583 auce
810 2507 927 2580 salutes
949 2511 1035 2582 eulpa
1056 2510 1094 2568 ele
1112 2515 1139 2568 te
1156 2508 1314 2583 ferantur,
1341 2528 1434 2584 nepae
1453 2514 1613 2570 inscissa.

260 2611 448 2684 ortarnoloum
477 2611 529 2670 tili
559 2616 730 2672 succenseat
759 2611 887 2685 quidque
915 2611 967 2671 ute·
991 2613 1141 2671 minitetur
1169 2629 1264 2671 comes
1290 2613 1459 2690 I’alotiuus,
1495 2616 1548 2688 qui

260 2712 298 2771 lle
309 2711 427 2784 furnulo
447 2722 496 2771 tuo
509 2716 632 2789 sumpsit
648 2715 753 2788 cupitis
767 2714 953 2788 suppliciunt.
997 2715 1127 2774 Proinde
1148 2717 1236 2773 nolim
1252 2717 1453 2789 interpreteris
1466 2717 1573 2776 leones.
1584 2730 1603 2769 ¹¹

225 2831 355 2878 usmeam
383 2817 608 2874 odrrrouitionem
635 2818 681 2874 uel
705 2832 726 2873 a
752 2822 828 2873 natu
856 2817 901 2873 uel
926 2832 946 2873 a
971 2818 1053 2874 mala
1079 2819 1256 2876 couscientia
1279 2820 1430 2891 proticisci
1445 2820 1545 2892 potitis

261 2935 348 2991 quoru
367 2918 404 2975 ol>
424 2934 525 2977 (errrore
545 2920 601 2989 tui,
623 2933 726 2990 meante
744 2933 823 2975 irritu:
843 2933 937 2974 metim
958 2921 1109 2991 nepoeiaru
1132 2936 1222 2991 opere
1240 2922 1335 2992 mapis
1350 2936 1437 2993 atrurn
1453 2929 1543 2979 turim.

261 3028 293 3078 ut
317 3022 495 3078 odiosissime
522 3021 649 3091 scribas,
679 3022 808 3093 primurn
842 3035 897 3078 nec
922 3019 1026 3078 lorum
1054 3024 1199 3079 oratorum
1220 3023 1387 3081 insolentem
1417 3026 1613 3099 impetent-¹2-

260 3139 313 3181 uee
328 3124 443 3180 omniuo
459 3130 584 3189 irsoum,-
606 3122 713 3181 tleincle
730 3130 761 3179 ut
776 3122 963 3193 alticomum,
983 3129 1081 3182 tomen
1097 3127 1220 3196 pronius
1234 3126 1346 3183 laseris
1360 3133 1440 3184 triton
1454 3129 1545 3200 ipsius

260 3227 501 3283 existimationem
523 3241 611 3299 preean
639 3242 743 3283 eneam.
786 3240 880 3297 quare
902 3227 991 3283 etiam
1011 3233 1100 3299 otptte
1125 3229 1212 3284 etiarn
1238 3228 1319 3298 niele,
1347 3231 1389 3285 ini
1409 3227 1604 3301 Hauserat-¹³

226 3336 292 3387 isat
313 3329 361 3386 trie
378 3336 458 3385 tantu
475 3328 666 3401 prudentiam
688 3328 719 3383 in
741 3328 892 3385 eonsilium
919 3327 1062 3386 erdlileos
1085 3331 1182 3402 potius
1202 3345 1298 3402 piram
1315 3329 1476 3403 obsequere
1496 3334 1543 3389 l-

261 3433 440 3488 eissimoruut
463 3431 610 3488 Itorniunrn
637 3430 801 3504 cupiditati.
846 3428 929 3488 Bene
957 3433 1031 3489 uate.
1076 3430 1207 3489 Basileon
1234 3433 1263 3489 iu
1287 3432 1335 3489 elie
1354 3450 1543 3506 paraseeues.

262 3532 297 3589 II
308 3532 336 3590 I)
354 3531 480 3591 XXIII.

640 3635 772 3710 Expecto
791 3641 871 3693 tunm
893 3638 1164 3711 expostulationem.

262 3737 462 3746 μ*-

327 3834 348 3867 ¹²
367 3838 464 3886 lethali
479 3841 504 3887 3.
559 3836 578 3869 ¹⁷
598 3835 711 3903 falmin]
733 3839 854 3887 Erasntus
872 3843 921 3889 stou
939 3840 987 3888 sall
1004 3841 1090 3889 elicere
1109 3853 1184 3887 araus
1202 3854 1251 3887 nou
1269 3845 1307 3887 est
1326 3854 1393 3889 vern
1412 3840 1541 3898 criminin

258 3923 306 3969 sed
329 3930 433 3986 enpust
452 3923 518 3972 bella
538 3925 587 3971 rite
611 3926 706 3973 indicto
728 3930 861 3973 seenruturu
882 3940 964 3974 mores
987 3928 1104 3990 leposque
1126 3925 1191 3973 illius
1212 3928 1334 3988 terriparis
1354 3940 1424 3972 utera
1446 3926 1543 3973 arenilio

259 4006 421 4056 Irrrbebontnr.
459 4007 501 4056 cf.
519 4023 601 4072 supin
620 4024 692 4057 nuni.
712 4025 815 4057 consu.
835 4024 969 4059 ccnxvnl.
990 4025 1118 4059 ccuxxxt.
1173 4008 1192 4041 ¹⁶
1217 4006 1544 4073 eo1nes1‘at.]Froncna

259 4092 437 4155 Siclinpensis,
457 4098 529 4142 etmlei
548 4095 664 4151 Ilutteui,
689 4097 826 4143 oeerrinurs
844 4095 930 4146 nostis.
1001 4093 1180 4143 ¹¹³s1nnsitl.
1249 4091 1269 4125 ²¹
1288 4095 1427 4159 negotium
1446 4096 1471 4143 2.
1484 4111 1540 4160 sqq.

258 4173 279 4206 ²¹
299 4176 541 4243 existimationem]
561 4179 717 4243 Seriptorern
736 4180 886 4238 intlnuerout
909 4182 983 4228 etiarn
1008 4180 1107 4229 erebrre
1128 4182 1293 4229 ael-tensiones
1315 4184 1445 4245 rnnlttuqne
1463 4181 1540 4229 adrui-

258 4268 383 4320 ratianes,
403 4263 491 4327 apicibus
509 4266 534 4312 iu
550 4264 678 4327 prioribus
696 4268 784 4328 iurpils
802 4264 946 4330 litibusque,
966 4271 991 4314 ut
1009 4267 1035 4313 in
1054 4266 1116 4315 Iretlo
1135 4272 1226 4315 eortlra
1243 4265 1333 4321 Leuni,
1352 4269 1455 4314 animaru
1472 4283 1541 4314 sutton

258 4349 417 4396 dernulsernt.
487 4346 508 4378 ’ὓ
527 4348 640 4397 Basilus
660 4351 687 4397 in
707 4349 750 4397 dil·
770 4350 942 4398 Pnrnseoves
960 4350 1020 4399 sivo
1038 4350 1079 4397 “lin
1093 4352 1196 4399 Martii.
1218 4352 1296 4420 3.6.,
1329 4348 1350 4380 ²⁷
1368 4349 1539 4398 ntlrxxlltt.

259 4434 316 4480 tt.
373 4435 451 4481 Anno
466 4432 538 4482 luet.
560 4436 585 4481 3.
638 4430 659 4463 ²⁵
679 4434 816 4498 Exspecto
837 4436 860 4482 s.
884 4435 975 4483 I'erius
994 4436 1103 4484 ‹linisset
1123 4425 1371 4485 vehementissime
1390 4449 1477 4498 ungor
1496 4452 1539 4482 ox-

256 4519 414 4583 peetntiono
429 4524 483 4567 tutu
497 4519 734 4582 expostulationis.
748 4545 781 4552 —
792 4521 875 4569 Fortu
889 4520 999 4568 fortuna
1012 4521 1105 4569 statius
1124 4520 1314 4584 subiungantiu
1333 4524 1375 4567 est
1393 4525 1540 4583 expectata

257 4603 454 4667 expostulatio,
476 4619 555 4666 qutun
574 4604 597 4651 si
617 4619 669 4651 non
689 4609 867 4667 provocasset
879 4605 1021 4666 Erasmus,
1042 4607 1101 4669 ipse
1121 4604 1229 4669 quidem
1247 4605 1406 4670 punientius
1425 4606 1537 4667 egisset,

257 4705 305 4737 uos
329 4704 393 4738 soro
418 4695 473 4736 tuin
493 4690 627 4738 insaniei
647 4694 703 4737 tntu
722 4689 866 4738 llnttonici
885 4690 991 4753 ingenii
1009 4691 1239 4755 praestantissimo
1257 4690 1442 4754 descriptione
1461 4706 1537 4738 care-

256 4789 354 4822 rennn.
