3934 6034
355 687 429 757 274
527 702 722 754 cccxxxlll.
743 718 860 752 saonam
874 718 975 751 annom
989 718 1131 752 notenses
1144 717 1316 753 rennuentes
1330 717 1460 753 aversus.

354 882 382 933 et
397 874 540 933 liutteuus
561 877 633 932 satis
652 881 766 932 atroces
786 876 968 949 scripserant
982 878 1011 933 iu
1027 874 1248 946 Hocbstratnm,
1270 877 1335 933 liceo
1348 876 1436 933 ruba
1449 874 1634 943 subiecerint,

357 976 483 1035 ‘Horum
504 979 631 1035 omnium
651 979 876 1034 amaridentiam
895 979 975 1036 niella
991 984 1082 1051 pireto
1100 976 1187 1047 serre
1202 980 1372 1051 potuissem,
1395 978 1453 1033 nisi
1467 978 1581 1049 scripta
1596 990 1634 1032 ea

288 1091 345 1142 §.on
357 1081 449 1153 ‘prius
469 1081 613 1150 lepissem,
635 1078 738 1151 onibus
759 1080 803 1136 od
822 1080 901 1136 barm
922 1081 1120 1153 intemperiem
1143 1079 1316 1137 uidebantur·
1337 1074 1479 1150 efferati'.
1518 1077 1633 1133 Hacte-

355 1199 410 1239 nus
431 1182 560 1254 epistota
581 1196 653 1238 unere
677 1181 765 1238 uerba
788 1182 931 1238 recensui,
974 1184 1039 1253 ouis
1060 1188 1156 1239 cratem
1178 1187 1331 1254 estusque
1355 1180 1430 1238 adeo
1456 1182 1501 1238 uel
1521 1180 1634 1236 nullius

356 1287 401 1343 rel
418 1284 552 1358 peruersi
576 1283 691 1352 iudicii,
721 1292 751 1340 ul
780 1299 836 1340 non
868 1283 965 1340 uideat
986 1283 1051 1342 brec
1069 1285 1142 1342 milii
1161 1284 1242 1342 dicta
1263 1299 1302 1341 eu·
1323 1267 1433 1354 affectu
1453 1281 1655 1351 Hocbstrati,s

355 1389 405 1446 eui
430 1386 513 1443 litirrd
544 1384 630 1441 dubie
660 1386 833 1444 videbantur
858 1402 894 1443 eu
924 1387 1145 1444 virulentissime
1171 1382 1306 1460 scripta?
1346 1387 1430 1458 alqui
1455 1384 1509 1441 boe
1536 1385 1634 1456 ipsum

356 1488 436 1563 unica
455 1486 648 1544 Hocbstratus
669 1488 742 1545 mibi
760 1490 896 1561 ltirpitur,
919 1491 949 1544 in
969 1489 1063 1561 ipsum
1085 1494 1251 1560 retorqueo,
1273 1490 1325 1560 ani
1343 1489 1404 1544 suis
1419 1487 1538 1559 seriptis
1555 1501 1635 1542 eau-

289 1604 420 1654 §.susom
451 1588 566 1646 dederit
593 1596 652 1645 tam
682 1592 875 1647 aurirrnlenlia
904 1591 1065 1663 scriptioni.
1111 1590 1248 1647 Eiusdem
1274 1590 1443 1664 prudentia
1469 1594 1523 1658 est,
1557 1584 1639 1659 qnod

357 1708 445 1767 quum
468 1689 577 1748 alicubi
596 1690 722 1748 scribam
748 1708 793 1749 me
814 1693 861 1750 rei
885 1692 1054 1764 tlreolopirre
1079 1692 1183 1749 rudem
1212 1708 1249 1750 ac
1274 1693 1383 1749 arellius
1404 1690 1522 1758 indicii,
1549 1693 1638 1760 rapat

357 1795 435 1853 irride
456 1793 528 1849 milti
548 1791 613 1850 buc
633 1807 707 1849 norro
729 1794 859 1865 ruditus,
881 1801 934 1851 erret
953 1809 1010 1850 non
1032 1795 1196 1865 intellipens
1216 1802 1268 1851 ant
1287 1799 1366 1851 certe
1380 1792 1569 1849 dissimulans
1587 1789 1672 1849 bien

358 1901 483 1957 aliorum
506 1909 667 1953 sermonem
687 1893 812 1967 referri,
842 1912 899 1953 non
920 1911 1029 1958 tttettm,
1059 1912 1114 1967 quo
1133 1904 1229 1953 tamen
1251 1895 1355 1952 irbietor
1376 1894 1419 1952 ad
1438 1889 1636 1963 cottipendnm

359 2000 392 2058 id
412 1998 491 2072 quod
511 1995 653 2053 aduersas
674 1997 751 2069 ipsos
771 1996 864 2068 fucit:
894 2004 936 2054 est
957 2004 1054 2054 antem
1073 1997 1127 2055 boc
1147 1995 1384 2068 efficacissimum
1406 1991 1639 2066 arpenneulaudi

293 2116 465 2174 §.seperius
488 2101 574 2156 telum
597 2098 634 2155 ab
655 2099 779 2155 inimicis
793 2106 964 2173 porrectum
987 2102 1016 2156 in
1037 2100 1116 2173 ipsos
1131 2106 1309 2172 retorquere.
1346 2096 1404 2155 Hic
1420 2098 1480 2154 seio
1501 2110 1547 2152 me
1568 2097 1638 2153 cla-

359 2203 449 2260 moln't
472 2200 616 2257 Haltenns
642 2202 793 2271 arlifimm,
837 2203 893 2259 imo
920 2201 975 2258 boe
1003 2202 1033 2258 in
1061 2207 1125 2258 rrrte
1154 2202 1263 2259 dicitnr
1287 2200 1452 2268 consilinm,
1482 2196 1562 2269 qirod
1587 2196 1641 2268 qni

360 2320 416 2361 non
440 2303 587 2374 intellipil,
610 2317 647 2359 nc
669 2304 734 2359 eelit
753 2302 848 2360 uideri
863 2302 1035 2374 faceremus·
1068 2304 1147 2376 qrrod
1163 2306 1190 2361 si
1206 2303 1243 2360 ub
1262 2303 1317 2360 boe
1335 2298 1566 2373 arpumentondi
1580 2314 1639 2370 ae·
1651 2317 1674 2358 is

361 2423 431 2463 uere
449 2421 503 2462 nec
525 2403 656 2476 Citrislns
674 2420 727 2462 nec
750 2407 874 2478 apostoli
894 2404 1110 2474 abstinuerunt,
1140 2421 1255 2478 autenm
1278 2410 1321 2461 est
1337 2402 1409 2460 mibi
1423 2403 1495 2459 dari
1513 2403 1639 2459 ueniam.

294 2520 350 2570 §.sn
362 2508 422 2566 Sed
442 2508 536 2579 mapis
557 2507 712 2563 euinceret
730 2508 860 2564 animum
882 2509 960 2564 illins
981 2508 1061 2580 pirod
1081 2509 1110 2565 in
1130 2507 1234 2565 centem
1255 2508 1384 2578 sequitur
1400 2506 1538 2577 epistola,
1565 2501 1641 2559 ‘Eas

361 2612 461 2683 ‘ipitur
483 2623 540 2665 non
562 2608 689 2681 simplici
707 2623 773 2665 cirin
795 2609 896 2667 dolore
916 2610 988 2681 lepi,
1019 2627 1098 2669 ritrnc
1125 2613 1242 2668 illorum
1272 2625 1350 2666 rrirnc
1376 2615 1455 2665 tuum
1477 2607 1567 2664 uicem
1589 2606 1641 2661 iu-

362 2712 543 2784 ‘peniiseens‚
572 2708 693 2766 subinde
717 2715 845 2769 metuens
873 2727 909 2768 ne
935 2710 1017 2768 bonis
1042 2718 1070 2768 ct
1090 2714 1183 2784 epiris
1205 2714 1274 2769 ciris
1295 2718 1353 2768 tam
1376 2707 1485 2767 acerba
1505 2709 1641 2766 contricio

362 2817 429 2871 ‘non
454 2812 570 2869 omnino
596 2814 626 2869 iu
654 2812 848 2870 immerentem
874 2819 1005 2871 contorta
1033 2810 1225 2872 uiderentnr'.
1273 2812 1350 2882 (inid
1369 2811 1417 2869 bic
1437 2809 1677 2868 stomachaturn

363 2909 528 2972 llirtlcnus?
561 2914 694 2986 sipiritico
715 2913 796 2971 bonis
815 2919 844 2971 et
864 2916 956 2986 aunis
983 2916 1054 2973 uiris
1082 2916 1177 2973 rideri
1200 2931 1252 2972 eas
1273 2916 1409 2988 epistolas
1438 2928 1496 2970 non
1523 2914 1642 2969 omnino

362 3018 392 3074 in
422 3018 617 3074 immerentem
646 3017 783 3089 scriptas.
829 3016 891 3073 ‘sed
910 3016 1023 3089 oblique
1050 3016 1132 3076 dicis'
1161 3019 1255 3091 iuquit
1282 3022 1318 3075 ‘et
1343 3014 1489 3089 finierate'.
1540 3029 1643 3071 nerum

362 3122 405 3176 sic
425 3117 601 3191 inpediebat
620 3133 720 3176 curtem
736 3133 824 3190 quam
847 3118 978 3189 (rpeiam.
1023 3118 1059 3176 At
1077 3120 1191 3178 iuterim
1214 3135 1270 3176 non
1293 3118 1379 3176 babet
1399 3116 1479 3190 qirod
1497 3121 1644 3188 animatur

366 3220 524 3292 Hutteuus:
555 3235 648 3292 neenec
667 3221 744 3276 enim
763 3221 821 3292 ipsi
839 3221 968 3292 irupirrpo
989 3222 1186 3295 intemperiem
1207 3227 1260 3278 aut
1272 3222 1444 3291 nouitatem,
1465 3218 1519 3276 sed
1534 3233 1644 3276 accuso

297 3321 581 3386 §.esHocbstralum
633 3321 772 3380 Fortasse
802 3323 845 3379 sic
876 3337 921 3379 me
951 3322 1064 3381 nolebat
1089 3323 1234 3381 llnttenus
1263 3322 1404 3390 scribere,
1433 3320 1678 3393 ‘spurcissimam

364 3423 500 3494 ‘latrina,
523 3420 582 3480 tun'
610 3423 703 3480 audes
729 3424 806 3480 eiras
829 3423 935 3481 beroas
961 3427 1018 3481 tuis
1038 3426 1178 3483 merdosis
1203 3424 1308 3482 libellis
1338 3418 1531 3495 asperperel'
1562 3421 1644 3479 For-

363 3527 440 3583 silon
462 3526 504 3582 sic
530 3524 651 3582 decebat
675 3525 803 3583 scribere
827 3524 999 3594 lienteriam,
1024 3534 1055 3583 ul
1074 3543 1131 3584 nou
1155 3525 1275 3583 decebat
1297 3524 1473 3582 Erosmnnr:
1500 3526 1528 3581 si
1546 3538 1645 3581 sana-

365 3627 430 3684 bilis
448 3633 514 3684 erat
528 3625 734 3697 nocturnalia,
753 3633 820 3684 erat
841 3634 912 3701 apto
929 3630 1054 3686 civilitas
1061 3648 1072 3694 ,·
1100 3630 1145 3685 sin
1160 3634 1226 3685 erat
1240 3625 1426 3697 insanabilis,
1449 3627 1544 3697 manis
1561 3627 1645 3684 iiluna

299 3742 356 3792 §.sn
368 3728 451 3802 apud
471 3727 557 3784 bonos
582 3728 730 3800 praunbnt
754 3744 819 3787 mea
843 3729 983 3787 modestia
1012 3746 1099 3803 qnam
1124 3736 1279 3802 prnwnsset
1302 3731 1455 3802 procacia.
1500 3728 1645 3785 luterum

367 3845 433 3887 cum
452 3831 477 3886 is
496 3831 577 3887 locus
598 3830 642 3887 ad
661 3835 787 3903 qieatuor
812 3833 889 3889 uiros
910 3847 950 3889 ex
972 3847 1056 3905 mairo
1076 3834 1250 3905 pertineret,
1277 3847 1332 3888 cur
1353 3846 1407 3887 nec
1429 3830 1561 3902 Capreion
1584 3845 1679 3890 riu-sn

367 3947 455 4004 qurum
476 3929 605 4002 offensus
626 3939 680 4002 est,
707 3933 791 3988 cirins
811 3935 933 4007 epistola
952 3934 1025 3992 mibi
1044 3951 1111 3992 cere
1132 3933 1317 4006 displicebat,
1341 3946 1398 3990 nori
1420 3931 1500 4004 quod
1518 3945 1646 4003 maeno-

364 4050 437 4107 pere
463 4034 590 4091 solicitus
614 4048 704 4091 essem
734 4034 807 4105 qnid
832 4035 1013 4093 scriberetur
1038 4037 1068 4093 in
1091 4035 1313 4104 Horbstratnm,
1343 4034 1397 4091 sed
1417 4032 1496 4107 qitod
1517 4032 1646 4090 dolerem

366 4137 504 4209 optimum
525 4151 622 4192 senem
644 4136 687 4192 ad
706 4142 818 4194 teritum
838 4139 932 4194 animi
948 4138 1199 4211 perturbationem
1217 4136 1406 4210 perductum,
1428 4141 1571 4208 qnerntam
1593 4136 1646 4192 iila

366 4253 433 4311 prue
459 4252 490 4294 se
514 4234 633 4306 serebat
658 4240 791 4311 epistola.
838 4239 897 4296 Cur
927 4254 983 4296 non
1011 4248 1054 4297 est
1076 4239 1204 4311 ollbrisns
1231 4233 1401 4295 lirrscbins?
1439 4236 1514 4294 Nam
1542 4251 1647 4306 comes,

370 4342 415 4397 nir
435 4340 646 4397 emunctissimo
666 4340 787 4411 iudicio,
816 4339 975 4398 delectatus
993 4350 1037 4400 est
1058 4340 1144 4399 etiam
1163 4343 1215 4399 illo
1235 4341 1372 4413 epistola,
1394 4346 1423 4396 et
1441 4340 1559 4410 oratius
1578 4340 1681 4411 cpite

303 4442 450 4515 §.inanod
474 4457 624 4514 nunquam
643 4441 718 4511 fecit
739 4440 939 4499 ltocbstrntus.
985 4443 1131 4501 Postremo
1151 4458 1207 4500 cnr
1228 4440 1372 4499 Huttenns
1392 4441 1450 4497 buc
1472 4441 1509 4499 de
1533 4458 1569 4499 re
1590 4458 1647 4499 non

371 4545 566 4618 expostulavit
592 4558 720 4618 mecum,
750 4559 816 4600 ciem
844 4550 918 4601 essct
947 4545 976 4600 in
1005 4538 1196 4602 Brabantin?
1232 4545 1290 4600 iarn
1318 4545 1394 4601 enim
1424 4544 1556 4600 uolumen
1583 4550 1651 4601 erat

370 4645 499 4703 orditum.
536 4643 599 4703 lloc
613 4661 678 4703 cum
699 4646 740 4702 ito
760 4647 948 4718 perspicuum
967 4647 1017 4716 sit,
1040 4654 1071 4703 ul
1090 4649 1136 4704 oet
1156 4659 1248 4716 ereco,
1270 4645 1350 4717 qnod
1367 4647 1465 4715 aiunt,
1490 4652 1649 4718 appareat,

371 4763 508 4821 antorsum
534 4749 637 4804 attinet
660 4749 710 4804 itte
734 4746 886 4804 uerborum
906 4750 1045 4805 tumultus
1065 4763 1149 4821 quem
1170 4748 1219 4805 bic
1241 4748 1351 4804 eecitnt
1369 4746 1513 4803 llirttenns
1535 4747 1651 4805 desua

372 4853 433 4907 leni
452 4848 661 4922 numerataque
686 4851 856 4923 scriptione,
886 4849 923 4905 de
949 4849 1079 4906 mirabili
1102 4851 1155 4906 iilo
1185 4850 1305 4905 acritate
1328 4850 1412 4905 errius
1434 4848 1539 4920 nitrique
1561 4858 1685 4917 terni-4⁰

305 4954 505 5010 §.tt-cissinins
531 4957 584 5021 est,
614 4951 650 5009 de
677 4966 742 5009 mea
770 4933 883 5007 lenitate
910 4967 947 5007 oe
972 4932 1178 5007 simirlutibne?
1215 4948 1359 5007 llnttenns
1387 4966 1432 5007 me
1460 4957 1564 5008 nidore
1592 4968 1650 5009 non

373 5056 463 5128 cupiit
485 5070 546 5111 esse
576 5053 664 5111 bostis
691 5052 882 5110 lIocbstrato:
916 5052 975 5107 ium
1003 5053 1078 5109 eriim
1112 5049 1302 5123 Triumphum
1332 5052 1362 5107 in
1391 5065 1456 5108 enne
1488 5054 1653 5127 scripserat
