3934 6034
327 666 401 738 448
448 680 603 732 cccxcn.
618 696 823 731 nerssoonrrir
837 697 874 731 ao
887 697 990 732 sensui
1005 698 1147 733 arsemina
1163 698 1242 734 irsrs
1258 699 1395 741 eisarna.
1409 699 1491 735 rena.
1505 693 1563 735 tsal.

327 856 497 931 ploraturus.
521 855 584 930 quid
600 855 748 928 Tragcedice
765 864 850 910 essct:
873 863 899 911 ut
917 856 1063 929 principem
1082 872 1136 912 nou
1152 858 1255 930 reperi,
1279 857 1360 913 inc-idi
1376 867 1463 914 tamen
1483 860 1510 915 in
1530 877 1612 932 quen·

326 944 399 1004 itam,
422 942 468 1015 qui
487 940 628 1014 epistolam
648 959 661 995 a
683 959 711 995 se
734 941 815 996 visum
838 949 865 995 et
888 940 982 998 lectam
1007 958 1066 996 esso
1093 941 1212 1004 dioclem,
1241 942 1346 1015 singula
1375 944 1459 999 terme
1482 943 1610 1004 reterens.

327 1046 387 1101 quie
410 1026 527 1100 Epistola
551 1026 720 1087 continebat,
743 1025 899 1080 cordinelmt
919 1034 1008 1081 autern
1033 1035 1086 1082 tam
1110 1026 1233 1100 indigua,
1256 1036 1285 1082 ut
1305 1028 1355 1082 nisi
1375 1029 1445 1083 taine
1461 1036 1488 1084 et
1503 1030 1610 1093 neruine

328 1114 438 1168 interire
461 1110 568 1173 telleia,
596 1128 625 1166 ea
648 1112 777 1166 ilcrorarc
798 1127 852 1165 nou
877 1129 995 1185 possem.
1038 1111 1073 1167 Ei
1097 1111 1139 1166 liis
1162 1112 1245 1184 igitur
1264 1113 1383 1169 comitiis
1406 1113 1437 1168 ad
1461 1114 1609 1187 Principem

326 1197 435 1271 scripsi,
458 1198 516 1252 eins
539 1197 622 1251 lerinc
641 1196 792 1269 argumenti
817 1195 922 1257 literas.
946 1197 1039 1251 audire
1061 1214 1102 1252 inc
1125 1198 1195 1271 apud
1221 1215 1296 1253 suam
1317 1197 1492 1255 Clementiam
1514 1213 1633 1271 magnos

326 1292 465 1355 grarutum
488 1282 550 1338 odio
574 1282 686 1354 quailam
709 1280 839 1355 epistola,
861 1281 973 1355 supplex
997 1299 1110 1355 rogans.
1134 1282 1278 1338 Clementia
1302 1300 1349 1338 sua
1369 1301 1427 1339 eam
1451 1284 1483 1339 ad
1504 1301 1547 1339 me
1565 1284 1609 1339 de·

326 1369 391 1424 lerri
414 1368 529 1429 sineret,
554 1367 731 1422 innocentiam
755 1384 840 1422 ineam
864 1366 1020 1422 Celsitudini
1042 1385 1098 1422 sure
1123 1385 1163 1422 nic
1186 1367 1378 1441 probaturum:
1402 1369 1495 1425 Serius
1516 1372 1611 1426 rescri-

325 1455 381 1527 psit
402 1453 530 1526 Princeps
553 1460 580 1507 et
605 1453 631 1507 in
658 1453 726 1507 lianc
755 1452 811 1507 lere
835 1452 1010 1507 sententiam:
1044 1451 1236 1509 tlclsitudineui
1262 1472 1336 1509 suam
1366 1453 1537 1527 intelligere.
1570 1471 1609 1511 me
1673 1508 1678 1520 ,

325 1556 420 1614 parare
446 1536 575 1593 calumum
600 1539 625 1592 in
643 1536 781 1592 Erasuuun
804 1537 1026 1599 lloterodauuim,
1052 1536 1087 1592 ab
1110 1538 1240 1611 scriptum
1264 1556 1320 1593 suae
1346 1538 1501 1595 Clementiae
1526 1548 1610 1595 trans·

326 1625 449 1685 missurn,
470 1623 547 1678 cuius
569 1621 707 1677 tlclsitudo
729 1639 776 1676 sua
801 1622 954 1677 meminisse
978 1639 1032 1677 uon
1052 1631 1160 1695 posset,
1190 1623 1327 1679 Erasinum
1351 1624 1452 1698 septus
1473 1625 1506 1680 ad
1528 1624 1638 1680 Celsi-u

327 1709 444 1764 trutinem
468 1726 542 1763 suam
561 1707 667 1762 dedisse
692 1706 798 1767 literas.
822 1707 848 1761 in
869 1706 966 1779 quilius
983 1708 1034 1762 mei
1051 1708 1217 1769 meminerit,
1238 1726 1335 1782 ineque
1353 1726 1456 1766 summe
1474 1727 1609 1766 commen·

324 1795 409 1855 darit,
431 1793 529 1867 partim
552 1793 632 1848 etiam
652 1792 768 1847 instituti
790 1792 840 1847 mci
862 1792 994 1849 rationem
1014 1790 1171 1848 Celsitudini
1194 1811 1250 1849 sure
1272 1794 1424 1855 declarans,
1449 1812 1505 1868 quo
1523 1813 1609 1851 more·

325 1887 401 1935 retur
418 1897 466 1934 sua
484 1876 637 1942 Celsitudo,
654 1877 768 1938 iuberet,
785 1884 815 1931 ut
831 1878 996 1932 iuventutem
1013 1895 1098 1933 meam
1114 1895 1192 1952 quun
1208 1879 1309 1952 optime
1324 1879 1450 1941 locarem.
1472 1879 1608 1936 invectivis

325 1973 352 2020 ct
374 1964 511 2019 maledicis
533 1962 632 2018 libellis
653 1981 707 2019 non
729 1979 852 2034 ariagnem
873 1962 998 2036 conquiri
1021 1961 1150 2035 gloriam,
1175 1964 1216 2019 liis
1236 1981 1277 2019 mc
1293 1965 1390 2021 studiis
1405 1965 1485 2020 inuiti
1501 1965 1607 2026 dehere,

325 2068 385 2124 qum
406 2048 464 2106 orlii
487 2048 634 2104 cliristiano
655 2056 682 2103 ct
705 2047 799 2121 putris
824 2056 996 2109 ornamento,
1025 2048 1089 2103 milii
1119 2056 1208 2104 autem
1237 2058 1264 2105 ct
1285 2050 1427 2107 ronimodo
1454 2058 1482 2106 et
1515 2050 1637 2124 glories

324 2143 424 2191 essent.
469 2134 544 2202 Quod
574 2133 706 2207 Principis
735 2149 894 2205 responsum
927 2133 1017 2189 statim
1049 2133 1191 2207 insequuta
1215 2133 1333 2208 Epistola
1362 2134 1464 2190 Erasmi
1492 2136 1608 2192 missas

324 2221 440 2295 quodam
462 2227 518 2274 tum
540 2218 619 2292 primi
642 2218 771 2279 numinis.
800 2235 880 2290 qumu
903 2235 963 2274 cum
984 2217 1125 2291 legissem,
1155 2220 1256 2293 arripui
1279 2220 1332 2276 iter
1349 2219 1495 2278 Basileam.
1519 2222 1546 2275 in
1570 2222 1609 2276 ius

325 2314 468 2362 vocaturus
489 2303 612 2377 epistolar
635 2303 790 2365 niitliorcm,
822 2303 873 2358 odii
896 2302 1053 2366 Consulem,
1086 2312 1212 2378 questus,
1245 2305 1309 2379 quid
1333 2306 1397 2361 milii
1419 2305 1457 2360 nil
1480 2306 1536 2363 tale
1557 2324 1609 2362 mc·

324 2391 394 2447 renti
416 2390 542 2446 acciderit
565 2389 597 2444 uli
617 2388 739 2450 Bessum,
763 2387 892 2460 regaliam
915 2405 1024 2462 quoquc
1047 2397 1077 2444 ut
1100 2388 1174 2445 litcui
1196 2389 1234 2444 illi
1258 2391 1396 2446 intendere
1418 2409 1511 2448 coram
1531 2391 1609 2464 llaqi·

323 2486 411 2533 stratu
430 2475 537 2531 liceret:
560 2492 603 2529 res
625 2474 657 2528 ad
680 2475 806 2528 Sennium
828 2473 964 2534 delectur,
989 2475 1103 2530 Senatus
1120 2475 1252 2531 actionem
1274 2476 1332 2531 iure
1350 2476 1480 2539 decernit,
1501 2477 1635 2534 interimit

324 2563 363 2616 vir
383 2560 585 2617 candidissimus
609 2560 703 2614 ltcntus
720 2559 863 2614 lllicnanus
884 2567 977 2630 rogat,
1001 2577 1034 2615 ue
1054 2560 1118 2633 qnid
1137 2560 1230 2615 odiose
1251 2560 1307 2615 litis
1327 2579 1460 2624 moveam,
1486 2562 1608 2636 alloquar

323 2648 399 2721 prius
421 2647 574 2706 Erasuuuu,
599 2644 621 2699 is
642 2641 766 2699 tortussis'
787 2644 873 2699 oinnia
897 2644 1070 2714 mitigaturus
1093 2645 1136 2699 sit.
1180 2645 1289 2700 tloiidisi
1311 2645 1494 2720 colloquium,
1518 2647 1607 2704 sedin

323 2731 425 2788 curtillus
447 2730 536 2786 eximii
555 2730 602 2784 riri
622 2729 743 2785 ltoctoris
766 2728 888 2784 Liidoiiri
913 2728 986 2790 lteri,
1006 2730 1037 2783 ad
1057 2730 1145 2785 ilirum
1164 2730 1273 2786 l’etriun
1295 2731 1452 2805 Praepositi.
1476 2750 1532 2807 quo
1549 2749 1606 2788 cum

324 2817 453 2873 venissem
476 2815 595 2871 oninium
618 2815 712 2870 liariun
735 2831 824 2869 rcruiu
849 2813 948 2869 inscius
970 2823 1028 2870 crat
1047 2815 1142 2876 llcrus,
1172 2816 1309 2889 expectari
1328 2816 1354 2870 in
1377 2816 1491 2873 alteram
1514 2817 1604 2874 lionam

322 2903 476 2963 Erasuunn,
500 2900 546 2956 scd
569 2918 623 2957 non
641 2899 727 2961 reiiit,
750 2900 815 2954 redii
833 2898 864 2955 ud
881 2899 1072 2961 ‹liversmium
1096 2899 1183 2956 lusum
1203 2917 1244 2955 inc
1263 2909 1374 2973 putans.
1398 2902 1525 2959 seniebat
1540 2902 1636 2958 lille-ea

323 3005 422 3049 nanus.
450 2994 582 3048 erratum.
608 2986 708 3059 inquit,
735 2992 791 3046 cst,
824 2985 949 3039 Erasmus
975 2992 1000 3040 tc
1029 2985 1100 3040 donii
1128 2994 1263 3058 expectat,
1297 2985 1399 3042 aicliam
1429 3005 1472 3042 mc
1500 2988 1607 3044 domum

324 3072 396 3128 illius
419 3071 491 3128 uollc
515 3071 634 3144 ingredi.
657 3070 784 3131 obsecro,
808 3070 858 3128 uit.
883 3070 970 3125 nescis
993 3070 1055 3143 quid
1080 3069 1143 3126 lioni
1163 3088 1327 3143 congressus
1346 3071 1389 3126 liic
1412 3071 1547 3129 allaturus
1565 3073 1607 3134 sit.

322 3166 424 3232 praeter
446 3175 475 3212 ca
497 3157 621 3212 Erasmus
643 3173 674 3211 ex
696 3154 799 3211 calculo
821 3153 888 3210 inalc
910 3154 1005 3209 liniret:
1042 3155 1167 3228 procilius
1193 3156 1268 3212 ainici
1296 3174 1443 3230 persuasus
1466 3176 1515 3221 co,
1549 3156 1608 3233 Epi·

322 3243 419 3299 stolum
436 3243 507 3297 illam
527 3241 735 3297 laudatissimam
753 3257 848 3300 exero.
864 3239 896 3294 nd
917 3238 1023 3311 singula
1040 3240 1167 3314 preconia
1186 3241 1373 3313 expostulans.
1396 3242 1499 3300 niaiore
1520 3250 1608 3300 tamen

322 3328 520 3388 moderatione.
544 3344 622 3401 quam
645 3327 682 3381 rci
707 3325 852 3396 indignitas
874 3325 1017 3398 posceliat:
1050 3335 1132 3399 negat
1154 3343 1214 3381 csse
1237 3343 1326 3388 suani.
1358 3344 1419 3383 cuin
1450 3335 1541 3386 tamen
1567 3328 1637 3383 rixae

323 3431 400 3470 orum
422 3432 472 3469 ovo
495 3419 547 3467 tani
571 3411 657 3467 simile
679 3418 765 3471 essct.
789 3411 827 3466 sic
851 3409 1009 3484 peremnia
1033 3410 1169 3465 relerrlmt
1188 3410 1332 3468 Erasmum.
1377 3412 1404 3467 Si
1423 3412 1608 3486 Magistratus.

323 3500 345 3555 si
366 3499 422 3561 ius,
444 3497 566 3571 inquam.
591 3498 616 3552 in
639 3497 688 3553 linc
710 3496 775 3551 urlie
798 3505 853 3557 est,
878 3505 906 3549 tu
930 3513 980 3569 pro
1004 3495 1051 3551 liar
1074 3496 1193 3570 Epistola
1213 3514 1320 3552 causam
1339 3497 1426 3553 dices:
1447 3498 1610 3572 cogitabun-

321 3585 372 3639 dus
392 3584 517 3640 Erasnms
540 3582 652 3655 quaerit.
676 3598 792 3655 quirinum
815 3589 894 3655 parto
916 3599 1018 3636 mccmu
1042 3581 1068 3635 in
1091 3582 1205 3654 gratiam
1227 3582 1314 3638 redire
1337 3583 1438 3656 possit.
1467 3601 1497 3639 se
1517 3601 1610 3659 pacem

322 3678 368 3725 orit
391 3669 476 3741 aequis
498 3677 542 3723 aut
566 3667 666 3740 iniquis
688 3666 888 3722 curulitiouilius
910 3675 1091 3739 accepturum.
1137 3667 1272 3741 llcspondi
1299 3685 1340 3723 mc
1362 3667 1414 3723 hoc
1444 3676 1503 3725 tum
1525 3668 1610 3742 signi·

323 3755 400 3809 licare
424 3772 477 3808 nou
504 3769 598 3827 piissc,
634 3752 765 3807 laruumn
790 3760 818 3807 ut
841 3752 927 3807 altero
950 3751 993 3805 ilie
1023 3770 1071 3825 per
1099 3752 1206 3807 llcutum
1237 3752 1391 3808 Rhenanam
1417 3753 1526 3809 consilii
1557 3754 1638 3809 meisa

321 3841 423 3896 certior
445 3839 615 3897 redderetur,
642 3837 735 3909 sicque.
756 3836 871 3908 digressi
894 3853 996 3891 sumus.
1041 3837 1098 3893 llisi
1122 3837 1245 3911 sequenti
1268 3838 1311 3893 die
1335 3856 1384 3911 per
1408 3837 1520 3895 Beatum
1540 3839 1608 3896 ltne-

321 3941 419 3980 uanuni
442 3923 566 3980 sclicdam
590 3940 669 3977 manu
692 3940 749 3978 mea
772 3922 899 3995 scriptam
922 3922 948 3976 in
973 3921 1042 3979 linui:
1067 3923 1189 3978 moduni:

666 4058 856 4126 comumnes,
887 4060 988 4129 quilius
1006 4076 1106 4128 parem
1131 4066 1262 4129 arrepto:

322 4189 520 4269 „plssffillpll'ssp
656 4178 680 4233 Ι.
710 4178 876 4244 „Tradere
903 4194 945 4232 ine
974 4196 1029 4233 aron
1058 4181 1138 4234 inodo
1165 4179 1245 4249 upird
1268 4179 1443 4251 principem,
1473 4181 1522 4235 cui
1544 4181 1607 4236 licet

354 4255 462 4311 'eductu
574 4266 656 4331 ‚aiter
676 4272 702 4319 rt
726 4265 802 4318 cirris
824 4266 868 4319 iris
889 4265 917 4318 in
937 4280 979 4318 me
1001 4280 1061 4317 esse
1079 4265 1220 4330 eicientur,
1244 4264 1392 4318 sedetiam
1408 4266 1490 4335 apud
1503 4266 1637 4336 pluresne

321 4354 468 4422 ‚privatos
503 4352 578 4405 itlius
609 4366 699 4404 eiiiisu
730 4348 812 4419 fictiia
836 4351 1052 4419 periclitatum,
1086 4366 1170 4419 quum
1202 4364 1348 4404 necessum
1379 4358 1423 4404 est
1453 4353 1605 4414 resarciat,

321 4439 416 4508 ,quod
434 4454 489 4507 per
510 4437 667 4507 Epistulam
690 4451 776 4489 aritiam
801 4442 885 4505 ratque
911 4436 1031 4490 atinum
1058 4437 1106 4489 ria·
1132 4437 1198 4505 ficri
1221 4436 1341 4503 poterit,
1375 4437 1427 4490 scd
1452 4452 1526 4507 capiis
1553 4437 1606 4492 erit

321 4526 524 4593 „inscriptione
544 4522 692 4577 cuiusdam
714 4521 814 4586 libelli,
848 4521 896 4574 ulii
912 4538 969 4591 pro
991 4538 1043 4574 siau
1068 4521 1225 4589 pririlrntiu
1249 4533 1307 4573 rem
1330 4522 1369 4575 ita
1392 4526 1546 4591 temperet,
1577 4527 1606 4575 at

320 4610 375 4674 „sit
390 4616 501 4678 practer
520 4623 601 4662 siriani
625 4605 789 4677 infantium,
813 4622 864 4659 νισι·
885 4607 985 4661 lectori
1005 4607 1149 4675 relinquat
1171 4605 1241 4676 qiir'd
1257 4607 1291 4660 dc
1310 4621 1353 4659 mc
1371 4607 1498 4661 sinistroe
1512 4607 1603 4677 siispa'-

320 4696 439 4761 „tionist
462 4694 660 4763 inscriptiones
678 4693 784 4763 alinqui
806 4692 968 4747 huiusmodi
989 4709 1044 4746 iiiiii
1067 4698 1217 4762 toirtupcre
1239 4693 1357 4747 ‹rriibio.''
1612 4701 1637 4741 ta

404 4779 445 4834 II.
468 4779 621 4848 „l’rinripi
639 4778 762 4842 scribet,
784 4784 834 4832 iud
856 4778 883 4831 in
907 4779 1018 4842 iratam,
1044 4777 1091 4831 ridi
1110 4777 1256 4847 epistolum
1276 4793 1358 4832 sirum
1380 4793 1515 4848 sparsam
1536 4778 1601 4842 scio,

320 4874 423 4936 „utque
448 4867 535 4920 au’trri
555 4865 589 4917 dc
611 4880 653 4918 iiii)
676 4863 883 4933 cupedenarii,
917 4865 951 4917 dc
978 4866 1087 4934 intepro
1110 4864 1257 4930 restitaret,
1289 4864 1380 4918 literis
1405 4870 1498 4917 tamea
1519 4863 1603 4932 prius

319 4969 357 5016 „o
385 4967 427 5005 mr
455 4952 533 5006 lectis
562 4965 596 5004 rie
621 4966 677 5021 pri·
705 4949 817 5020 obliquo
844 4955 870 5001 rt
897 4950 1028 5021 riindipuq
1051 4965 1105 5004 sue
1132 4950 1173 5003 sic
1199 4950 1289 5020 airirpis
1318 4949 1484 5019 deprimor,
1518 4964 1601 5019 qaam

319 5042 464 5105 „servem”
