3934 6034
516 706 712 759 cccxxxlll.
733 722 851 758 seoriam
864 722 967 757 tunsus
980 720 1123 756 tnvunsvs
1136 719 1309 755 ssenuotses
1323 719 1455 755 nouum.
1556 685 1629 758 297

347 900 436 957 quam
456 883 547 940 bontas
568 884 612 941 itii
632 881 779 948 instituat·
800 882 845 939 sin
868 881 955 937 aliter
976 889 1031 950 est,
1049 895 1176 953 prorsus
1194 879 1327 937 insaniat
1348 880 1401 952 otti
1419 880 1505 936 talem
1517 875 1634 948 samam

348 990 485 1059 cuiquam
500 986 639 1043 inuideat.
684 984 748 1056 Epo
768 986 795 1041 si
813 999 918 1056 peream
939 985 1070 1054 assequi,
1091 996 1228 1056 cuperem
1245 997 1310 1039 mea
1323 988 1468 1056 perpetuo
1483 986 1514 1038 et
1526 981 1623 1038 omni-
1635 984 1701 1035 §.²¹2

348 1090 401 1148 bus
422 1088 589 1161 ropionibus
610 1090 670 1161 tepi
694 1088 900 1161 potiusquam
922 1086 1101 1163 temporario
1119 1083 1228 1156 faetore
1253 1085 1339 1157 rapi,·
1367 1086 1472 1156 quodsi
1492 1101 1549 1142 non
1571 1099 1635 1140 me-

349 1198 454 1249 rentur
474 1193 540 1264 ipsa
563 1192 686 1248 utilitate
706 1188 843 1260 fttoorem
864 1189 995 1259 lectoris,
1020 1202 1139 1244 mantem
1159 1203 1216 1245 uon
1239 1189 1390 1258 rorterim,
1418 1188 1533 1246 etiamsi
1553 1201 1638 1243 nemo

325 1297 438 1367 steput.
483 1293 553 1350 ‘Sed
568 1288 664 1367 pueri'
687 1293 821 1364 inquiunt
836 1292 928 1350 ‘citetis
945 1289 1069 1348 lutheri
1089 1305 1191 1348 nomen
1211 1305 1317 1349 uocare
1340 1286 1528 1349 assuescunt.
1550 1306 1638 1363 prte-

349 1399 467 1455 stiterat
485 1402 518 1454 ut
537 1400 740 1453 assuescerent
761 1409 865 1452 nocere
891 1409 995 1451 nomen
1022 1392 1108 1459 Iesu‚·
1128 1408 1298 1465 quanquam
1325 1393 1376 1452 ubi
1400 1395 1460 1451 sint
1480 1394 1530 1451 isti
1548 1393 1642 1467 pueri

351 1502 465 1566 nescio,·
483 1497 624 1570 fortassis
643 1496 788 1555 Huttenus
807 1497 872 1554 iilos
890 1497 962 1554 uidit
981 1498 1013 1553 in
1035 1511 1107 1553 arce
1121 1494 1287 1555 Francisci.
1329 1492 1413 1569 *epo
1433 1496 1561 1569 quotidie
1581 1510 1640 1553 ec-

346 1604 451 1677 perior
474 1617 562 1674 antean
582 1602 667 1658 multi
681 1609 826 1672 potentes,
855 1598 948 1670 docti,
973 1614 1082 1671 praees
1104 1605 1133 1656 et
1154 1598 1222 1656 boni
1242 1600 1299 1657 oiri
1318 1607 1496 1658 execrentur
1517 1597 1641 1655 lutheri

352 1722 471 1773 reamur,
491 1719 614 1776 epicorum
637 1704 704 1760 tuiis
724 1707 768 1759 est
789 1701 929 1772 eruditio,
953 1703 1021 1759 talis
1043 1702 1109 1758 etta
1130 1703 1308 1775 macerans,
1333 1708 1367 1760 ut
1386 1704 1437 1759 tria
1456 1703 1564 1776 possim
1584 1717 1638 1759 sn-

319 1821 343 1859 to
352 1809 468 1880 spicari
488 1808 533 1864 oet
554 1804 665 1876 affectu
688 1821 794 1863 errare
816 1806 880 1864 illos
902 1807 948 1863 ecl
968 1804 1086 1862 iudicio.
1132 1803 1148 1837 '³‘
1161 1804 1204 1861 Ac
1221 1821 1258 1862 ne
1280 1805 1317 1862 de
1338 1805 1408 1864 sede
1429 1805 1545 1879 quidem
1564 1802 1709 1866 Ito-§.uu

353 1926 443 1967 mana
462 1925 593 1981 unquam
613 1910 813 1966 inconstanter
833 1909 968 1980 lanceatus
989 1922 1070 1965 sitin:
1099 1909 1288 1981 tyrannidem
1309 1915 1339 1967 et
1359 1912 1556 1984 rapacitatem
1575 1924 1641 1965 cte-

354 2019 475 2085 tcraque
495 2013 580 2079 istria,
606 2011 642 2068 de
669 2010 773 2082 picibus
799 2012 858 2068 iam
886 2011 953 2067 olim
981 2019 1061 2069 aetus
1088 2026 1125 2069 ac
1147 2011 1229 2070 bonis
1251 2013 1321 2072 airis
1339 2014 1500 2072 communis
1521 2010 1642 2085 querela

353 2125 408 2186 est,
432 2130 584 2186 utinquam
603 2113 736 2187 probari.
780 2108 863 2171 *nec
880 2113 1080 2186 indulpentias
1098 2130 1220 2186 usqttam
1241 2118 1271 2173 in
1291 2122 1378 2174 totum
1394 2116 1510 2183 damno,
1529 2116 1646 2173 etiamsi

354 2220 583 2291 comportationes
603 2220 671 2277 illas
689 2218 958 2292 impudentissimas
976 2233 1093 2291 semper
1107 2218 1264 2277 detestatus
1284 2235 1357 2277 sitm.
1401 2220 1476 2294 auid
1496 2219 1534 2278 de
1555 2235 1643 2276 cere-

322 2322 459 2377 tsmouiis
475 2322 614 2393 sanctiam,
633 2321 703 2379 libri
722 2323 780 2379 mei
797 2324 895 2380 rntdtis
914 2323 987 2380 Iocis
1001 2327 1154 2380 testantur.
1199 2316 1287 2380 *Ubi
1304 2338 1371 2381 aero
1391 2332 1548 2381 execratus
1567 2338 1632 2379 sum
1645 2334 1711 2384 tati.

355 2427 401 2481 ius
422 2426 597 2482 canonicum
618 2432 647 2482 et
663 2427 831 2498 pontificum
853 2420 950 2483 scita?
972 2419 1082 2493 *Ouid
1102 2430 1198 2482 autem
1218 2427 1255 2482 sit
1274 2429 1439 2499 pontificem
1460 2428 1489 2483 t'n
1510 2425 1644 2482 ordinem

356 2528 507 2599 redipere,
536 2542 593 2583 non
622 2529 695 2585 satis
716 2529 856 2600 inteliipo.
900 2527 1034 2584 Primum
1052 2529 1157 2601 opinor
1175 2525 1322 2598 fatebitur
1342 2528 1446 2588 Romae
1466 2545 1528 2586 esse
1548 2528 1645 2586 eecle-

356 2631 448 2686 siam:
471 2644 540 2686 nam
563 2631 718 2688 multitudo
740 2632 886 2688 matorum
904 2646 962 2688 non
983 2628 1091 2701 efficit,
1121 2631 1293 2702 quominus
1314 2632 1512 2701 sitecciesia‚
1535 2629 1649 2701 attouut

358 2733 456 2789 rtuitas
475 2731 649 2791 traheremus
669 2734 817 2791 ecclesias.
860 2740 891 2791 et
909 2734 1040 2790 arbitror
1061 2748 1124 2791 esse
1144 2732 1357 2791 ortbodoaam:
1379 2750 1449 2791 uam
1467 2734 1550 2805 siqui·
1562 2733 1650 2789 mixti

324 2842 427 2892 tosunt
445 2835 542 2908 impii,
566 2841 662 2893 tamen
684 2837 713 2892 iu
731 2835 811 2893 bouis
827 2844 926 2893 manet
944 2837 1078 2894 ecelesia.
1122 2835 1191 2893 bitte
1209 2846 1305 2893 antem
1324 2837 1457 2895 ecciesiae
1478 2836 1562 2894 dabit
1579 2836 1648 2909 opi-

360 2952 415 2994 nor
435 2940 621 3011 episcopum:
641 2954 709 2996 eum
729 2940 863 3011 patietur
884 2955 946 2996 csse
961 2939 1228 3012 metropolitanum,
1244 2944 1492 3011 posteaquam·tot
1504 2946 1574 2997 sunt
1591 2954 1647 2995 ar-

359 3039 540 3113 chiepiscopi
559 3041 589 3097 in
611 3040 657 3098 bis
673 3041 855 3113 repiouibus,
877 3043 907 3099 iu
923 3041 1027 3113 auibus
1041 3042 1140 3098 niellus
1160 3056 1290 3113 terronam
1303 3038 1367 3111 suit
1381 3044 1538 3115 apostotus,
1560 3057 1648 3113 ouum

360 3141 454 3200 Romu
483 3142 590 3201 lettbeat
609 3151 638 3200 ct
657 3143 775 3201 Petrum
797 3151 826 3201 et
846 3143 987 3213 Paulum,
1017 3142 1090 3200 ditos
1110 3144 1173 3200 sinc
1191 3146 1390 3202 controuersia
1411 3159 1546 3203 summas.
1590 3145 1649 3200 iam

361 3246 438 3303 inter
456 3249 693 3319 metropolitanos
709 3247 782 3319 prad
795 3246 920 3303 absurdi
932 3248 970 3303 sit
985 3247 1012 3303 si
1023 3246 1139 3318 primus
1153 3246 1233 3303 iocus
1249 3246 1336 3303 detur
1348 3247 1483 3320 pontifici
1496 3241 1650 3305 Romano?

326 3360 432 3405 tottam
454 3348 532 3406 banc
552 3355 664 3406 truttam
683 3354 868 3422 potestatem,
891 3364 979 3420 uttam
1000 3348 1056 3405 sibi
1075 3349 1182 3405 seculis
1201 3349 1312 3421 aliquot
1331 3356 1531 3423 usurparunt,
1551 3351 1650 3407 nullus

362 3450 477 3509 audiuit
496 3467 541 3509 nte
570 3450 786 3523 defendentem·
830 3451 891 3508 Sed
910 3449 1058 3508 IIuttenus
1084 3466 1141 3507 non
1165 3449 1230 3521 sert
1252 3453 1420 3524 pontificem
1446 3454 1636 3527 pestilentem.
1650 3463 1718 3515 sats.

363 3554 397 3611 id
409 3560 545 3626 optumus
560 3569 673 3623 omnes,
696 3562 727 3612 ut
737 3553 879 3628 pontifex
892 3555 929 3610 sit
944 3555 990 3610 air
1003 3553 1161 3626 apostoliea
1176 3554 1238 3610 toro
1253 3553 1370 3625 dianus.
1414 3554 1488 3627 quid
1507 3557 1535 3612 si
1554 3557 1578 3612 is
1594 3571 1651 3611 non

363 3652 533 3727 cotttinpat?
553 3654 748 3730 ‘depellatur'.
773 3659 857 3729 atqui
868 3656 972 3714 eadem
988 3658 1103 3713 ratione
1122 3655 1292 3728 depellendi
1304 3668 1400 3716 esseut
1412 3674 1510 3716 omnes
1523 3658 1655 3732 episcopi

363 3760 416 3831 uui
434 3773 491 3816 non
507 3757 677 3830 suupuntur
691 3757 790 3830 (officio
804 3775 866 3816 suo.
906 3756 976 3816 ‘Sed
986 3759 1144 3832 precipua
1159 3758 1265 3815 mundi
1274 3760 1364 3831 pestis
1377 3762 1437 3818 iam
1451 3761 1548 3818 multis
1566 3761 1654 3817 arteris

329 3872 354 3912 m
360 3862 485 3933 sternito
504 3859 616 3918 Roma'.
666 3860 779 3920 Utinam
794 3864 896 3920 liceret
915 3860 1009 3919 istbuc
1025 3862 1171 3931 inficiari·
1186 3867 1219 3918 at
1231 3862 1290 3918 iam
1304 3860 1584 3936 contipitpontiser,
1604 3865 1656 3935 oui

363 3963 483 4021 summis
498 3970 531 4021 ut
544 3964 676 4021 arbitror
693 3965 801 4023 uiribus
815 3965 870 4023 boc
884 3966 954 4036 opit,
972 3968 1005 4021 ut
1018 3979 1083 4021 eam
1101 3964 1199 4021 sedem
1214 3967 1243 4020 ct
1258 3966 1373 4022 citriam
1392 3964 1474 4024 rtobt's
1491 3973 1653 4038 purpatam

364 4065 484 4124 reddat.
520 4064 561 4122 Id
581 4082 637 4123 non
659 4073 764 4139 sperat
778 4067 934 4125 Huttcnus.
977 4072 1007 4124 et
1020 4075 1116 4123 tomen
1134 4067 1226 4124 multa
1244 4074 1313 4123 sunt
1333 4083 1401 4139 peteo
1422 4083 1502 4140 spem
1523 4069 1654 4141 attqnam

364 4167 538 4234 ostendunt‚·
559 4175 588 4225 et
599 4168 747 4240 ebaritas,
762 4172 847 4228 ittarta
861 4168 1002 4239 Pattlttm,
1017 4176 1120 4242 sperat
1132 4170 1240 4226 omnia.
1284 4167 1393 4238 Quodsi
1406 4167 1554 4227 Huttenus
1571 4172 1645 4227 uitiis
1656 4181 1722 4231 §.un

366 4271 472 4328 betium
497 4271 607 4327 indtait
636 4288 693 4328 uon
715 4272 892 4340 bominibus,
923 4271 1047 4329 Romam
1066 4276 1222 4345 properet,
1251 4271 1372 4330 adiuret
1389 4272 1469 4331 bunc
1486 4275 1654 4346 pontificem

330 4383 357 4425 ³⁵
367 4373 422 4430 boc
438 4378 592 4430 conantem
611 4374 690 4444 quod
710 4375 772 4448 ipse
790 4376 916 4433 molitur.
959 4375 1013 4431 sed
1026 4373 1170 4431 Huttenus
1185 4372 1296 4431 indixit
1309 4372 1413 4432 bellum
1430 4373 1564 4433 Romano
1574 4392 1656 4450 pon-

367 4477 439 4547 tifici
458 4482 487 4532 et
507 4476 638 4533 omnibus
660 4479 712 4548 atti
732 4478 777 4534 itti
792 4477 957 4536 adba’rent.
1002 4478 1128 4534 etiamne
1151 4476 1224 4534 bono
1245 4477 1380 4550 pontifici
1399 4475 1504 4535 bellum
1526 4472 1658 4535 indixit?

367 4578 441 4649 antid
457 4584 553 4634 tttttem
572 4576 670 4648 faciet
686 4578 732 4636 bis
753 4581 805 4651 ptri
825 4582 948 4638 tolentes
968 4580 1098 4637 nolentes
1119 4579 1281 4637 adbaerent
1296 4574 1450 4652 pontifici?
1472 4579 1659 4651 piniatario

369 4677 484 4737 Catari
510 4682 561 4750 oui
583 4683 718 4754 ptorttifiei
743 4683 940 4740 iunctissimus
966 4676 1032 4738 est?
1069 4680 1179 4750 Quodsi
1200 4680 1304 4738 betium
1323 4682 1458 4754 opipetiat
1480 4683 1660 4757 depopulari

436 4915 601 4982 ⁵iuqttittttt]
621 4920 734 4983 Expost.
748 4920 771 4977 ξ.
785 4918 843 4967 100.
865 4920 922 4968 Hor
945 4920 1075 4968 ridietdam
1099 4919 1170 4968 bitem
1193 4921 1265 4966 nrouil
1285 4918 1401 4967 Ernsmo.
1455 4917 1473 4950 ¹¹
1500 4920 1657 4970 Inconstan-

369 5000 420 5067 ter]
442 5003 477 5050 ct‘.
492 5004 603 5067 Expost.
618 5007 656 5065 βξ.
671 5003 711 5053 33.
729 5002 784 5052 118.
802 5003 857 5053 tos.
868 5021 907 5068 sq.
922 5010 950 5053 et
962 5004 1025 5054 vide
1038 5019 1120 5068 supm
1134 5002 1222 5063 §.12st
1281 5001 1302 5034 ¹⁵
1319 5004 1374 5053 Ubi
1393 5020 1457 5054 vero
1475 5002 1535 5072 etc.]
1555 5006 1591 5054 cs.
1605 5006 1657 5058 Ex·

370 5094 440 5156 pont.
453 5090 476 5148 §-
491 5087 532 5138 33.
584 5087 606 5119 ³³
625 5086 713 5153 l'nuI.]
735 5105 776 5153 ep.
791 5089 811 5137 I.
827 5088 860 5137 ao
874 5088 935 5138 Cor.
950 5089 1027 5139 XIII.
1041 5088 1066 5137 7.
1118 5087 1141 5120 ³²
1159 5089 1248 5139 saciat
1266 5093 1291 5138 5.
1301 5092 1324 5139 6.
