3934 6034
262 686 436 740 tonsum
449 687 497 737 AD
511 686 637 737 votatt.
658 680 853 736 CCLXXXX*.
868 698 971 734 entem
985 697 1021 732 so
1035 697 1252 732 reomaenses.
1262 699 1287 733 o.
1298 688 1460 732 tarsatatt.
1481 665 1553 738 485

264 878 311 918 nos
336 879 478 935 cupimus:
509 868 573 915 suut
600 860 642 916 bie
670 859 814 934 plusquam
843 867 952 915 centum
982 859 1054 913 milia
1083 856 1221 913 bominum
1254 859 1299 931 qni
1323 858 1438 913 oderunt
1464 858 1554 913 sedem

266 947 416 1007 itomanam.
440 955 467 1001 et
482 945 629 1001 lutberum
654 962 748 1016 rrrargna
772 962 802 998 cx
826 954 903 1017 parte
926 943 1051 1017 prolraut.
1090 943 1153 997 l'ide
1176 952 1266 998 autern
1290 961 1369 1015 quarn
1392 943 1483 1016 inique
1499 960 1554 997 me·

264 1048 322 1086 eum
345 1039 443 1103 agetur
466 1030 501 1092 si,
527 1047 608 1103 (partim
632 1048 683 1102 ego
706 1028 869 1101 perdiderim
885 1028 1029 1083 amicitiam
1047 1036 1087 1082 tot
1103 1028 1271 1083 cruditorum
1288 1028 1446 1087 Gerruaniac.
1470 1045 1553 1100 quum

265 1115 433 1170 butheranos
456 1132 550 1169 omnes
574 1114 599 1168 in
623 1132 664 1168 mc
689 1114 872 1186 provocarim.
902 1114 948 1185 qm
972 1129 1042 1167 utine
1065 1112 1240 1166 aruaruleutis
1263 1112 1363 1167 libellis
1394 1112 1420 1166 in
1444 1128 1485 1167 me
1508 1112 1554 1167 de·

245 1199 442 1260 abacelrantur‚
477 1199 521 1254 isti
545 1199 657 1253 victoria
680 1216 741 1258 sira.
776 1215 855 1269 quam
879 1197 942 1251 raribi
966 1214 1020 1251 nott
1045 1197 1152 1251 minima
1176 1215 1206 1251 ex
1236 1206 1312 1269 parte
1341 1196 1454 1258 debent,
1489 1196 1554 1251 abu·

266 1293 356 1339 tantur
379 1285 405 1339 in
428 1292 510 1357 eaput
532 1300 636 1344 naenia,
659 1291 686 1337 et
710 1282 768 1336 ideo
792 1282 917 1337 traducor
940 1291 968 1336 ut
993 1281 1153 1340 licereticos.
1177 1281 1238 1353 qnia
1263 1281 1326 1335 nrilai
1350 1280 1458 1354 placent
1473 1280 1552 1336 bonae

264 1368 363 1430 literae,
393 1377 421 1423 et
452 1386 505 1423 non
532 1367 639 1440 placent
667 1384 757 1427 risores
780 1365 953 1427 Eemomlani‚
989 1366 1034 1438 qni
1065 1365 1131 1419 milli
1161 1365 1217 1420 lere
1247 1365 1318 1421 bono
1345 1366 1403 1420 siro
1437 1365 1555 1439 placenta

265 1453 378 1527 Scripsit
400 1453 433 1508 ad
456 1470 497 1507 me
520 1453 640 1507 Caesarea
663 1451 801 1510 llaiestas.
826 1450 935 1523 scripsit
959 1451 1072 1504 loannes
1087 1449 1217 1523 Glapion,
1241 1451 1350 1523 scripsit
1372 1450 1554 1522 arebiepiseo·

265 1555 314 1612 pus
336 1538 558 1596 Panormitauus.
581 1536 731 1608 Episcopus
754 1533 925 1596 l'alentinus,
948 1534 1130 1589 Cancellarius
1145 1534 1327 1595 blercnrinus.
1351 1534 1444 1590 literas
1461 1535 1555 1589 brinia-

238 1622 358 1679 touitatis
383 1621 490 1695 plenas,
520 1621 661 1676 bortantes
691 1636 732 1674 ane
761 1627 790 1673 nt
814 1637 924 1693 pergam
948 1619 1015 1673 oreis
1038 1619 1176 1673 laboribus
1199 1636 1359 1692 promovere
1382 1637 1438 1675 rem
1462 1618 1554 1674 litera-

266 1708 346 1768 riam;
369 1706 479 1779 scripsit
503 1706 535 1760 ad
559 1723 600 1761 me
624 1712 726 1777 {tracter
748 1702 817 1758 alios
839 1704 935 1759 doctos
959 1704 1102 1758 blattlraens
1124 1703 1267 1758 cardinalis
1284 1704 1462 1765 sedunensis,
1487 1703 1553 1759 seri·

265 1791 317 1863 psit
340 1789 484 1846 cariliualis
506 1789 696 1862 llognntinos,
719 1805 834 1860 cumque
858 1789 899 1842 bis
922 1788 967 1842 alii
992 1787 1118 1860 perinulti
1142 1797 1254 1860 agentes
1273 1789 1375 1861 gratias
1391 1805 1553 1862 omnemque

265 1875 383 1930 larirrem
406 1893 436 1929 ae
467 1873 656 1929 liberalitatem
685 1871 860 1946 pollicentes.
892 1874 963 1945 qood
992 1875 1019 1925 in
1046 1873 1159 1944 negocio
1191 1872 1316 1928 Ecclesia·
1345 1891 1405 1928 eum
1435 1874 1553 1928 animum

265 1967 391 2032 praestem
416 1976 495 2031 (quem
519 1957 558 2012 illi
581 1956 720 2018 solebant:
744 1957 908 2011 Scdrrnensis
932 1957 1012 2011 oller-t
1034 1957 1114 2011 otiam
1138 1958 1303 2029 quiugeutos
1325 1958 1438 2013 elimatos
1465 1974 1553 2012 aritine

225 2052 291 2099 ‘net
314 2043 438 2100 viaticum
461 2042 652 2103 honorarium,
676 2042 699 2095 si
723 2040 800 2095 vcbm
824 2042 898 2096 attice
921 2041 1040 2096 llonram.
1078 2040 1144 2108 Quid
1166 2050 1255 2097 autem
1280 2042 1451 2097 inlmmanius
1474 2059 1553 2115 quarn

265 2145 345 2201 quom
369 2145 421 2200 ego
445 2145 486 2182 me
510 2126 620 2181 lecet-im
643 2125 749 2181 bostem
765 2125 926 2180 lutheranae
950 2126 1049 2198 partis.
1083 2144 1142 2180 cnm
1172 2126 1237 2180 mibi
1266 2144 1317 2199 pax
1341 2128 1376 2181 sit
1397 2144 1458 2181 cnm
1482 2144 1554 2182 sum·

265 2213 314 2267 mis
337 2211 412 2267 orbis
435 2210 616 2285 principibus.
640 2210 757 2283 discerpi
780 2209 813 2264 ab
837 2228 889 2265 rino
905 2209 1065 2264 tlarruclita?
1089 2211 1140 2265 Tot
1162 2212 1240 2265 annis
1263 2211 1313 2265 vixi
1335 2211 1459 2267 lioranii:
1483 2229 1554 2285 quur

265 2305 320 2352 tum
343 2313 398 2351 non
421 2295 607 2369 impingebant
630 2295 694 2350 mibi
717 2312 825 2349 errores
850 2298 941 2350 ineos?
970 2295 1025 2349 imo
1048 2295 1155 2350 dtensis
1184 2296 1272 2350 ourrria
1302 2314 1360 2352 mea
1390 2297 1449 2351 sine
1478 2313 1554 2352 esee·

265 2381 358 2455 ptione
380 2380 520 2455 probant:
542 2379 638 2435 deinde
661 2396 744 2451 (poam
768 2387 867 2451 rogatu
890 2397 948 2433 ineo
971 2388 1094 2435 notasset
1116 2379 1170 2433 cluo
1193 2389 1239 2435 aut
1263 2380 1312 2435 tria
1329 2380 1401 2442 loca.
1426 2381 1553 2454 respondi

236 2474 293 2522 rtet
315 2465 434 2521 satisfeci
457 2464 625 2538 peremnia.
672 2481 741 2518 nunc
770 2462 881 2518 absente
909 2463 1015 2518 Caesare
1047 2473 1143 2537 parant
1171 2463 1246 2518 abuti
1274 2466 1421 2520 autoritate
1449 2483 1497 2519 soa
1526 2464 1553 2519 in

265 2566 306 2605 me
328 2558 357 2606 et
379 2549 473 2605 ulcisci
495 2556 572 2603 retus
595 2548 686 2604 oilinm
714 2565 801 2602 surim.
847 2547 915 2602 Eitis
944 2565 1031 2621 raiapcr
1059 2547 1167 2604 libellus
1190 2548 1412 2622 colloquiorum:
1447 2550 1472 2604 in
1503 2550 1554 2604 boe

265 2634 362 2690 clamat
384 2633 569 2689 Ecmoudanus
596 2651 657 2688 esse
687 2631 808 2706 quasdam
840 2633 977 2687 haeretica.
1022 2633 1139 2687 Priruum
1171 2633 1196 2687 in
1225 2633 1371 2707 colloquiis
1398 2652 1452 2689 nou
1477 2634 1553 2689 trado

266 2718 391 2790 dogmata
413 2717 489 2778 fidei.
513 2718 559 2772 scd
583 2718 715 2772 rationem
740 2716 881 2789 loquendi:
910 2735 958 2772 nire
982 2725 1023 2771 est
1047 2717 1083 2773 ibi
1107 2718 1249 2790 quiequam
1280 2718 1346 2779 tale.
1376 2719 1423 2773 scd
1454 2717 1499 2773 ille
1521 2735 1553 2772 er

267 2821 314 2858 suo
338 2803 401 2859 odio
424 2803 635 2875 interpretatur:
669 2819 723 2856 non
746 2802 843 2856 alanino
867 2800 921 2856 illic
945 2800 1141 2874 imlnlgentias.
1179 2820 1227 2857 nec
1250 2820 1363 2876 usquam
1390 2801 1472 2864 alias,
1507 2802 1553 2857 sed

236 2887 374 2961 asquidam
397 2882 492 2941 irridet
514 2885 634 2941 sodalem
657 2904 748 2946 strunt.
782 2888 826 2959 qui
851 2903 932 2959 tqrrirm
956 2896 1029 2940 esset
1058 2887 1254 2958 nitgacissinms
1282 2897 1414 2959 irrigator,
1445 2895 1554 2961 potaret

266 2989 324 3027 sese
347 2971 429 3028 bullae
452 2971 580 3045 praesidio
603 2989 685 3044 posse
708 2971 848 3044 pervenire
870 2970 902 3025 ad
925 2970 1031 3026 carlom.
1077 2972 1276 3026 contessionem
1304 2972 1384 3027 etiam
1413 2971 1552 3045 approbo;

268 3063 369 3111 tantiun
394 3073 462 3129 puer
483 3056 549 3110 dicit
572 3073 622 3110 sno
644 3056 733 3110 animo
757 3055 823 3109 satis
846 3055 905 3109 loro
927 3055 1050 3110 conbteri
1074 3056 1139 3117 deo,
1163 3056 1184 3109 si
1208 3056 1276 3111 idern
1301 3057 1385 3110 risum
1401 3064 1475 3112 esset
1491 3072 1554 3129 pro·

266 3140 371 3197 ceribus
395 3139 531 3200 eeclesiae,
554 3149 581 3194 et
606 3148 693 3194 taurcn
717 3139 819 3194 latetur
841 3157 900 3194 sese
922 3140 1046 3194 confiteri
1070 3140 1151 3194 etiarn
1174 3140 1375 3195 sacerdotilms:
1399 3141 1475 3214 qtrasi
1499 3156 1554 3195 nou

267 3226 300 3280 sit
323 3225 390 3280 satis
412 3241 498 3298 puero
522 3223 710 3297 obtemperare
734 3224 894 3296 prioratibus
916 3224 1037 3278 eeclesiae
1061 3224 1086 3278 in
1109 3224 1279 3285 confitendo,
1309 3233 1356 3279 aut
1379 3226 1456 3299 quasi
1479 3224 1554 3279 dhri-

236 3320 324 3365 tostus
348 3327 401 3364 uon
425 3309 461 3363 sit
483 3326 554 3363 uariis
577 3326 608 3363 ex
631 3308 790 3381 proceribus
811 3308 946 3369 ecelesiae.
976 3316 1022 3362 ant
1050 3309 1126 3380 qimsi
1150 3309 1214 3363 mibi
1237 3319 1345 3365 constet
1374 3328 1433 3365 esse
1455 3310 1555 3365 articu-

265 3393 317 3449 lum
341 3393 402 3450 lidei
425 3394 493 3449 lianc
515 3392 715 3448 contessionem
738 3410 799 3448 esse
829 3393 980 3447 institutam
1010 3410 1023 3447 a
1052 3393 1168 3448 tbrtsto.
1212 3394 1245 3449 Et
1274 3403 1363 3450 tamen
1391 3395 1440 3450 bae
1469 3395 1494 3450 in
1524 3411 1552 3449 re

265 3496 373 3535 sensum
395 3478 476 3532 animi
500 3478 550 3532 mei
574 3495 683 3549 semper
705 3477 816 3532 sulnnisi
840 3477 938 3532 iudicio
960 3476 1089 3532 ecclcsiae.
1127 3478 1238 3545 Quidam
1262 3478 1317 3555 illic
1337 3479 1402 3534 dicit
1419 3498 1448 3535 se
1464 3479 1553 3535 odisse

264 3562 352 3636 pisces
374 3570 401 3617 et
425 3563 540 3617 miratur
562 3562 634 3634 qnod
657 3560 789 3634 praesules
813 3561 948 3616 coluerint
970 3560 1093 3633 obligare
1122 3580 1171 3617 nos
1199 3563 1231 3618 ad
1260 3581 1336 3619 esum
1366 3564 1479 3637 piscium
1503 3562 1553 3617 sub

265 3664 341 3720 prena
358 3647 504 3719 gelrennae:
528 3655 555 3700 et
579 3654 667 3700 tarnen
690 3647 736 3717 qni
760 3646 809 3700 boc
832 3647 897 3701 dicit
919 3647 1021 3702 latetur
1043 3664 1102 3703 sese
1119 3646 1278 3721 Epicureum
1301 3666 1375 3703 esse:
1400 3665 1553 3721 quampiam

232 3748 312 3789 ssnee
336 3732 387 3786 boe
409 3731 474 3786 mibi
498 3729 597 3803 liquet,
632 3747 664 3784 an
694 3730 815 3802 pontilex
845 3731 896 3785 baie
924 3731 1013 3786 animo
1043 3731 1136 3793 luerit,
1172 3739 1202 3786 ut
1230 3741 1343 3806 excepto
1372 3732 1498 3787 seandalo
1526 3741 1554 3788 et

263 3824 421 3888 contempta
444 3814 560 3869 voluerit
583 3832 632 3869 nos
655 3815 807 3886 astringere
831 3816 861 3869 ad
886 3832 960 3870 esum
984 3816 1098 3888 piscium
1123 3816 1172 3871 sub
1201 3835 1279 3891 poena
1309 3826 1418 3872 eternae
1446 3817 1554 3872 ‹lamna-

265 3900 355 3955 tionis.
400 3899 495 3954 Nescio
518 3917 550 3953 an
574 3908 654 3971 agant
677 3900 817 3954 ailrersnm
842 3917 883 3953 me
907 3918 937 3954 ex
961 3901 1058 3955 tertiolo
1081 3901 1209 3956 Caesaris:
1238 3910 1312 3957 certe
1339 3902 1464 3957 redictum
1488 3901 1554 3957 illud

264 3993 430 4058 postremam
455 3983 506 4038 bue
528 4001 582 4038 tion
606 3983 743 4057 pervenit,
767 4001 816 4038 neo
839 4002 958 4058 unquam
982 3984 1088 4057 publice
1111 3995 1157 4041 aut
1181 3986 1304 4059 privatim
1327 3987 1378 4041 luit
1394 3986 1553 4042 esbibitnm.

263 4067 350 4136 Quare
374 4078 400 4124 te
423 4086 531 4142 aqirmso.
561 4069 601 4122 vir
629 4068 754 4139 egregie.
786 4077 815 4122 ut
844 4077 887 4123 tua
917 4070 1033 4142 mqnitas
1063 4070 1177 4125 istorum
1206 4071 1296 4127 odium
1325 4081 1352 4127 et
1380 4071 1554 4127 acerbitatem

233 4172 255 4211 to
265 4161 405 4226 temperet.
450 4151 525 4218 Quod
549 4153 580 4206 ad
605 4169 646 4206 me
671 4152 803 4224 pertinet,
827 4154 883 4207 scio
908 4155 970 4226 qnid
995 4163 1092 4227 agant,
1116 4163 1247 4228 cuperent
1271 4173 1312 4211 me
1336 4157 1497 4229 protrudere
1513 4156 1554 4210 sel

263 4238 399 4293 nolentem
424 4237 450 4291 in
475 4237 618 4291 factionem
635 4237 831 4291 Lutberanam:
856 4238 880 4293 id
905 4239 976 4310 quid
1000 4256 1139 4312 rninqnanr
1163 4240 1295 4297 ellicieut:
1319 4241 1365 4295 sed
1382 4240 1448 4295 illud
1464 4241 1555 4296 siden·

262 4321 340 4383 duni.
364 4339 397 4377 an
420 4321 544 4394 expediat
567 4338 607 4375 me
630 4338 663 4375 co
687 4320 849 4393 propellere.
895 4324 947 4378 erit
970 4324 1021 4379 boe
1044 4324 1205 4379 lutheranis
1236 4326 1435 4397 gratissimum.
1465 4324 1554 4397 siquid

264 4406 288 4460 in
312 4424 354 4462 me
377 4406 492 4461 iecerint
514 4406 653 4461 atrociter.
692 4406 785 4477 Siqrrid
809 4406 908 4461 babent
931 4408 1072 4463 adversum
1089 4426 1143 4470 me.
1168 4410 1283 4482 primum
1299 4410 1474 4464 admoneant:
1499 4411 1556 4463 lor·

263 4491 342 4546 tassis
366 4492 401 4544 ita
425 4489 611 4561 respondebo,
636 4498 666 4544 ut
688 4489 870 4545 illis'abnmle
892 4492 1063 4547 satisfaciam.
1101 4493 1158 4547 b'nn
1175 4502 1217 4548 est
1232 4493 1275 4549 bic
1292 4494 1436 4550 ludendum
1453 4502 1554 4549 temere

231 4575 290 4633 taio
313 4574 399 4629 libros
422 4574 543 4629 alienos:
567 4584 631 4629 sunt
654 4573 757 4629 inbuite
781 4575 919 4631 bominum
943 4576 1015 4631 milia
1038 4578 1082 4649 qm
1100 4594 1153 4631 non
1171 4577 1288 4633 oderunt
1303 4579 1456 4639 Emonam,
1481 4579 1552 4651 quod

327 4841 338 4872 ³
357 4841 553 4891 Germanorum
572 4844 644 4890 2...4.
692 4840 721 4872 ⁸⁹
740 4840 872 4907 archiep]
893 4843 935 4893 Cf.
956 4843 1082 4907 epistulae
1102 4844 1136 4892 ad
1150 4845 1261 4892 Lnurin.
1281 4845 1320 4905 ἐξ.
1334 4845 1376 4893 22,
1396 4861 1454 4909 sqq.
1473 4860 1556 4909 strpre

260 4941 285 4990 p.
304 4925 412 4990 tozsq.
460 4924 481 4956 ⁸¹
507 4925 529 4974 Ο
554 4927 649 4973 miram
668 4925 761 4974 fidem!
781 4926 870 4976 eredit
888 4929 958 4992 qnod
976 4934 1062 4991 negat
1082 4935 1110 4978 et
1128 4938 1213 4994 negat
1232 4931 1303 4994 quod
1322 4929 1418 4980 eredit.
1462 4927 1555 4979 ³⁵boe

260 5010 313 5059 tibi
335 5024 388 5060 non
408 5009 513 5075 liquet?
565 5008 587 5039 ³⁶
607 5011 780 5074 adstringere
801 5013 824 5059 t.
895 5010 1023 5061 “mittio
1044 5014 1069 5061 ds
