3934 6034
525 713 725 763 cccxxxssl.
739 725 859 762 seoriam
872 725 976 761 entem
990 723 1133 761 anvsssvs
1147 721 1320 758 nseaumuss
1334 720 1465 758 avisant.
1566 687 1639 762 299

351 891 440 947 ritur.
486 893 573 960 (etque
603 889 680 944 inter
704 888 816 960 poculo
839 886 1016 959 plerumque
1041 882 1155 955 seritur
1179 880 1282 953 soedits
1306 883 1517 954 eunitaelicum.
1561 879 1643 939 Atleo

352 1008 420 1050 uera
440 991 552 1065 stupidi
572 987 740 1059 sumsere,
764 995 870 1046 utnon
893 988 1060 1059 iuteltipant
1076 1002 1137 1043 sese
1156 986 1316 1059 plurimum
1337 982 1459 1055 officere
1474 1000 1576 1042 causce
1594 985 1645 1042 cui

348 1094 471 1167 fauent,
492 1098 521 1150 et
540 1093 593 1164 atti
612 1093 678 1149 uelit
700 1092 759 1148 illis
776 1090 934 1164 prodesse,
957 1105 1074 1147 necesse
1095 1087 1205 1146 liabent
1224 1104 1272 1145 eos
1290 1086 1419 1159 fallere,
1445 1090 1534 1146 tntilli
1553 1103 1641 1161 quum

352 1196 483 1254 coelicus
504 1196 627 1268 impmu't
645 1194 818 1267 phrenetico
840 1192 967 1249 aestiuus
982 1191 1191 1265 pluermacuat.
1237 1190 1308 1248 Cum
1330 1191 1385 1248 ltoc
1406 1190 1554 1248 homiuum
1573 1207 1632 1263 pe·
1645 1192 1712 1241 §52²¹-

331 1316 426 1356 sume
443 1299 556 1355 rinellum
579 1298 705 1371 optarim
727 1311 782 1368 epo
803 1296 1018 1353 commercium.
1063 1301 1095 1351 at
1116 1310 1170 1352 uec
1190 1293 1337 1352 lluttenas
1359 1293 1474 1351 cicietur
1495 1292 1547 1350 lios
1564 1308 1643 1367 pro-

353 1402 440 1472 luere,
464 1415 535 1471 nucis
560 1400 687 1457 l'icauos
710 1400 851 1472 reppellat.
897 1396 972 1454 Sum
993 1398 1060 1468 alii,
1083 1411 1154 1469 auos
1170 1399 1303 1470 suspicor
1322 1412 1379 1453 rum
1398 1394 1507 1466 stetere
1525 1397 1645 1468 nepoeio

352 1503 540 1575 eranpelico‚
563 1501 618 1558 secl
638 1500 756 1558 initiare
774 1502 804 1557 in
818 1499 975 1573 praciam,
999 1505 1032 1557 ut
1052 1500 1104 1557 sub
1124 1501 1272 1572 enutrtpelii
1285 1504 1436 1573 pratentu
1457 1500 1643 1557 latrocinium

352 1611 514 1664 exerceant
522 1625 532 1670 ‚·
553 1603 605 1660 lios
626 1620 680 1661 nec
702 1605 764 1677 ipse
782 1601 891 1676 prount
906 1600 1070 1659 Lntlterus:
1091 1602 1200 1660 luebunt
1218 1604 1295 1659 enim
1317 1605 1403 1675 loripe
1418 1602 1536 1659 diuersa
1555 1601 1633 1674 tietp-
1645 1605 1712 1655 toto.

353 1713 449 1778 αααα,
472 1707 610 1764 nimirum
627 1705 708 1765 lure:
731 1706 782 1776 atti
790 1710 961 1778 [cccccccccc
971 1711 1068 1778 potest
1082 1704 1197 1778 aliquid
1214 1705 1387 1774 rialiilitatis,
1407 1706 1436 1763 ei
1448 1706 1494 1763 ius
1508 1712 1552 1762 est
1566 1704 1644 1762 acio

318 1812 412 1867 sariri
433 1811 572 1866 vinitorem
593 1808 622 1864 in
639 1808 762 1881 petulca
785 1809 833 1865 uia
849 1815 877 1864 et
891 1809 1022 1881 spoliare
1042 1813 1094 1864 aut
1113 1809 1260 1879 captiuum
1281 1807 1443 1879 alulucere‚
1465 1809 1511 1864 ius
1527 1814 1577 1875 est,
1595 1807 1645 1864 ubi

354 1911 433 1985 quael
453 1919 520 1969 erat
541 1926 739 1983 nummorum,
764 1912 844 1980 uiuo,
867 1912 970 1967 scortis
991 1916 1020 1966 ct
1041 1911 1110 1967 alea
1130 1908 1279 1967 decoctum
1301 1916 1357 1980 est,
1385 1909 1489 1967 bellum
1513 1909 1644 1967 irulicere

353 2016 517 2085 cuicunque
535 2014 625 2070 uisum
641 2023 683 2070 est
697 2013 888 2071 commodum.
933 2012 1000 2070 lta¹c
1018 2013 1158 2085 lemmata
1176 2027 1232 2069 uon
1250 2012 1337 2070 habet
1350 2010 1507 2069 Lutlterus.
1553 2011 1633 2069 For·
1646 2018 1713 2068 §.i-n.

335 2123 432 2174 ¹tasse
453 2123 521 2173 sunt
542 2117 677 2173 neutnulli
695 2118 747 2188 qui
765 2114 851 2173 relus
873 2115 1005 2173 omnious
1021 2116 1192 2189 proslipatis
1212 2130 1248 2173 ac
1264 2114 1392 2188 perditis
1413 2114 1598 2173 Lutlteranos
1614 2130 1645 2172 se

351 2222 482 2291 pecarent,
506 2225 537 2275 ut
558 2218 613 2275 ltoc
634 2219 718 2275 titulo
731 2218 788 2275 sili
802 2220 932 2291 pariant
948 2216 1095 2289 [auteres.
1142 2235 1180 2275 an
1197 2218 1249 2274 lios
1269 2232 1367 2275 omues
1382 2216 1526 2276 Huttemus
1543 2234 1644 2276 susce-

319 2325 398 2396 sspit
418 2316 644 2393 clesendemlos?
666 2322 775 2392 quoties
796 2322 872 2378 enim
896 2320 932 2377 cle
952 2319 1133 2378 Lutlteranis
1153 2320 1326 2392 unilmstlam
1350 2321 1467 2393 Ιααααν,
1491 2322 1540 2378 ille
1560 2336 1644 2378 com-

353 2430 493 2482 monetur.
538 2421 572 2480 Si
589 2440 701 2495 uererer
724 2440 744 2480 a
766 2423 935 2481 Lutlterano
959 2424 1097 2497 epmpiam
1124 2422 1197 2480 milti
1215 2424 1398 2496 marsupium
1420 2423 1583 2482 detractum
1604 2425 1633 2481 in
1647 2432 1713 2481 §.uu

354 2530 472 2598 itinere,
500 2543 539 2583 αα.
563 2524 710 2583 Hutteuus
736 2526 931 2584 arbitrabitur
958 2526 1013 2584 ltoc
1041 2525 1083 2582 ael
1107 2541 1138 2582 se
1162 2519 1337 2599 pertinere?
1363 2510 1439 2582 uam*
1462 2526 1542 2597 qnod
1559 2527 1647 2584 semel

354 2631 489 2701 atteritur
511 2646 542 2685 se
557 2630 684 2702 proprie
707 2644 806 2686 morsu
824 2632 945 2703 petitum
969 2647 988 2687 a
1010 2644 1069 2700 me,
1098 2630 1236 2699 pientiam
1263 2643 1318 2685 nec
1341 2629 1436 2685 locum
1457 2628 1571 2687 indicat
1593 2644 1647 2686 nec

355 2748 432 2802 rem,
455 2747 492 2789 ue
514 2730 587 2788 milti
607 2731 722 2802 quidem
744 2730 814 2788 libet
835 2732 981 2789 diuinare.
1025 2737 1104 2790 certe
1125 2746 1212 2804 quiem
1234 2733 1288 2789 illa
1308 2730 1481 2799 scriberem,
1504 2745 1561 2787 non
1581 2738 1649 2789 ertit

318 2850 346 2890 m
355 2836 472 2891 artimus
484 2831 642 2892 lluttenum
657 2834 776 2905 tacere,
789 2835 840 2891 cui
853 2831 995 2904 solvebam
1011 2837 1166 2892 literarum
1183 2835 1334 2891 duritemat
1347 2834 1479 2900 nontine,·
1492 2840 1521 2891 et
1534 2834 1562 2891 si
1575 2834 1649 2906 quiet

355 2938 415 2993 tale
432 2934 554 3007 suisset,
574 2934 654 3007 qrcoel
673 2935 875 3006 scommata,
898 2937 971 3008 attici
992 2936 1047 2994 leoc
1069 2937 1112 2993 aa
1132 2936 1211 2993 harto
1228 2939 1445 2995 insectationem
1465 2942 1524 2994 tam
1539 2937 1645 2994 crimi-

355 3034 479 3096 nosam?
506 3036 541 3094 Si
560 3052 605 3094 me
628 3037 725 3095 decies
741 3040 861 3111 petisset
888 3039 1015 3111 ohanne,
1043 3039 1279 3097 dissimulassem.
1326 3038 1441 3109 Quoties
1463 3045 1558 3097 autem
1580 3056 1633 3097 re·
1648 3043 1716 3093 §.ns

356 3147 441 3197 uocat
461 3156 505 3197 nte
525 3140 568 3197 tul
586 3156 656 3196 suas
672 3146 793 3213 partes,
816 3155 873 3212 arto
894 3140 973 3198 iubet
991 3157 1037 3199 me
1058 3137 1178 3199 uenire?
1200 3142 1243 3199 ecel
1266 3143 1344 3199 ciros
1365 3141 1452 3199 oenias
1473 3148 1502 3200 et
1515 3157 1647 3214 ecunac-

358 3237 454 3300 licos?
481 3257 536 3313 epo
556 3242 680 3299 libenter
703 3242 888 3313 advolarem,
916 3245 944 3300 si
967 3245 1033 3317 attis
1049 3249 1266 3302 commonstret:
1293 3246 1321 3301 si
1339 3260 1411 3316 nuos
1430 3246 1508 3302 nouit
1525 3245 1577 3316 qui
1589 3261 1649 3319 pro

320 3364 347 3403 es
359 3345 440 3415 uino,
471 3345 575 3401 scortis
597 3353 625 3401 et
654 3346 722 3402 alea
740 3352 829 3402 semet
848 3345 994 3404 oblectant
1013 3363 1105 3405 sacra
1124 3349 1246 3405 lectione
1271 3349 1438 3418 sanctiloquo
1463 3345 1648 3418 consalntla-

355 3447 513 3512 onaculis,-
536 3448 588 3517 qai
608 3448 750 3504 neminem
770 3445 923 3518 fraudant
937 3451 1071 3523 pecunia
1093 3449 1205 3520 aeona,
1228 3448 1282 3506 secl
1299 3451 1376 3506 ultro
1397 3450 1569 3522 tarpiuutur
1589 3465 1647 3508 nou

356 3549 481 3606 debitam
504 3551 617 3621 epeuli·
640 3551 692 3621 uiti
710 3549 785 3607 acteo
807 3565 863 3607 reon
888 3552 1071 3610 maledicunt
1084 3552 1314 3624 immerentibus,
1337 3560 1370 3611 ut
1383 3555 1544 3611 conuicium
1561 3555 1647 3626 inae-

355 3659 429 3709 stum
450 3652 538 3709 etiam
559 3652 684 3725 placilla
703 3668 842 3727 responso
862 3656 1013 3722 molllaut,·
1036 3656 1087 3727 otti
1108 3657 1218 3713 nemini
1231 3657 1287 3713 rim
1305 3662 1357 3713 tint
1371 3654 1508 3727 inserunt
1524 3660 1576 3714 aut
1590 3658 1648 3714 mi-

357 3759 484 3822 nantur,
506 3754 561 3810 sea
581 3755 723 3811 irrisoriam
741 3757 829 3813 etiam
851 3756 991 3828 beneficio
1007 3764 1152 3831 pensant·
1174 3760 1227 3831 otti
1248 3759 1323 3817 aeleo
1344 3760 1429 3816 nulla
1449 3766 1563 3816 minent
1582 3760 1648 3816 elis-

322 3855 449 3925 aosielia,
477 3862 509 3913 ut
529 3871 670 3913 memores
692 3856 837 3916 Christum
859 3859 957 3917 beatos
976 3861 1144 3934 appellasse
1160 3863 1319 3935 pacificos,
1347 3861 1511 3935 ubicunque
1527 3871 1650 3936 possunt

357 3958 547 4015 corcordiam
570 3966 599 4017 et
615 3975 722 4033 pacem
744 3962 895 4029 sm·eiant,·
924 3963 976 4033 qui
996 3978 1054 4019 nme
1077 3964 1191 4021 iactant
1209 3965 1323 4035 plonius
1343 3980 1427 4035 suas,
1453 3965 1573 4023 laudem
1597 3981 1649 4023 ae-

358 4067 462 4118 nantes
485 4062 529 4118 cel
550 4078 590 4119 ec
612 4061 783 4133 tumefactis
804 4065 850 4121 uel
871 4080 911 4121 eu
933 4063 979 4121 liis
1000 4081 1067 4136 uua>
1092 4080 1150 4122 nou
1177 4073 1332 4137 cesserunt
1357 4068 1427 4140 ipsi,
1455 4067 1509 4125 sed
1537 4082 1648 4126 omnm

357 4165 444 4220 etitem
464 4162 684 4246 benefactorum
701 4168 829 4237 ploriam
853 4165 1042 4238 transferunt
1063 4168 1093 4225 ia
1110 4168 1271 4234 Christum·
1292 4170 1389 4241 siquos
1403 4171 1495 4241 notit,
1517 4171 1647 4242 intantum,

358 4264 526 4322 latiusmueli
550 4267 679 4324 unanimes
705 4284 773 4327 uere
797 4271 975 4341 ecanpelieis
994 4269 1154 4343 prauitas,
1182 4276 1385 4329 commonstret
1410 4279 1438 4330 et
1466 4271 1647 4330 habebitne

321 4367 506 4428 sssoelalem:
528 4385 597 4426 nam
617 4387 671 4442 epo
687 4371 871 4429 Lutlterauos
892 4372 990 4441 uidem
1012 4375 1196 4445 euetupeticas
1217 4380 1270 4431 atu
1290 4375 1386 4431 nullos
1407 4381 1460 4432 aut
1477 4375 1715 4433 aunonenses.

354 4484 469 4542 paucos
489 4472 580 4529 uicleo.
630 4471 666 4531 m
686 4475 777 4545 ipitur
799 4489 855 4530 non
878 4489 1007 4531 semoeeo
1030 4474 1067 4532 ab
1086 4477 1216 4533 auucitia
1233 4492 1299 4535 mea
1317 4477 1416 4534 cloetos
1435 4479 1487 4550 qui
1498 4477 1648 4535 moderate

357 4578 386 4628 et
404 4587 470 4629 cum
493 4573 604 4631 iudicio
621 4573 729 4646 fauent
744 4573 886 4648 luitura,
910 4577 952 4633 ita
973 4593 1028 4634 uec
1051 4579 1148 4635 altera
1168 4594 1208 4635 ea
1232 4585 1324 4651 parte
1346 4580 1448 4638 desino
1472 4595 1520 4638 eos
1540 4580 1650 4639 habere

359 4676 467 4732 amicos
489 4678 540 4748 aiei
557 4679 611 4750 pia
632 4678 729 4734 studio
749 4683 778 4734 et
798 4694 864 4735 cum
887 4677 997 4735 incilicia
1018 4679 1169 4738 rnoelerate
1187 4678 1347 4740 Lutlterum
1370 4684 1568 4742 insectantur:
1586 4690 1649 4742 ete-

425 4912 436 4943 ⁶
456 4911 567 4978 alawih]
588 4915 702 4979 Expost.
722 4916 744 4973 ξ.
763 4912 818 4962 194.
872 4914 881 4945 ⁸
900 4915 940 4975 §5-
954 4915 1013 4964 225.
1027 4931 1066 4980 sq.
1088 4917 1115 4964 in
1135 4916 1223 4982 ipsum
1241 4918 1393 4968 Hattenam
1411 4920 1647 4987 Eppendorsfium·

360 5012 410 5061 que
436 5002 584 5062 ‹eonceptas
609 5015 669 5048 esse
694 5000 807 5062 ignavia
830 5001 974 5065 scriptoris
998 5000 1161 5051 dissimulat.
1232 5002 1253 5034 ¹⁸
1276 5003 1408 5070 queritur]
1432 5006 1562 5056 ubinam?
1586 5023 1649 5057 nam

359 5084 383 5141 §-
396 5080 437 5130 28.
453 5084 687 5147 expostulationis·
701 5100 752 5133 nee
766 5085 912 5136 Erasmica
925 5086 1106 5151 detorquendi
1126 5102 1171 5137 ars
1183 5088 1236 5138 huc
1248 5090 1373 5139 traxerit.
1430 5088 1453 5122 ³⁰
1464 5092 1563 5142 naith.
1577 5092 1609 5142 V.
1623 5091 1648 5142 9.
