3934 6034
310 659 382 733 346
420 676 631 729 cccxxxnn.
651 694 838 731 nuvunrnusri
853 697 904 731 rso
918 698 1047 733 nvaauuo
1060 698 1096 733 an
1109 699 1211 733 nessus
1226 680 1366 733 seosnisii
1381 697 1547 734 sesrossro.

307 851 429 914 orabant,
453 861 591 928 utcmque
614 863 701 910 tamen
725 873 774 930 per
796 858 963 913 occasionem
987 858 1150 920 iustumne
1172 867 1200 914 et
1222 860 1404 916 necessarium
1428 859 1481 914 luit
1496 858 1531 913 de
1546 858 1598 914 lroc

307 955 416 1013 quoque
439 939 571 994 rationem
594 939 720 1002 reddere,
752 959 785 996 ne
813 941 924 998 verbum
946 943 989 998 dei
1012 943 1161 998 sineremus
1183 943 1363 1017 blasphemari
1386 961 1437 1019 per
1460 952 1497 999 te.
1544 944 1598 999 imo

307 1025 330 1078 si
352 1041 403 1098 pro
426 1024 583 1097 posthumio
607 1024 699 1081 libello
723 1026 822 1082 babere
846 1027 916 1083 lninc
938 1029 993 1089 ris.
1026 1045 1080 1101 qno
1103 1030 1182 1083 etiam
1206 1037 1329 1085 mortuus
1352 1028 1508 1085 remordeat
1531 1028 1598 1084 llut-

307 1117 398 1170 tenus,
430 1108 496 1164 nihil
524 1108 691 1171 laboramus:
720 1120 823 1167 tantum
854 1113 911 1167 sine
934 1114 1048 1186 postliac
1069 1130 1162 1168 manes
1184 1114 1269 1189 ipsius
1291 1115 1504 1187 conquiescere:
1535 1131 1596 1169 eum

306 1193 456 1249 virentibus
478 1194 657 1267 congredere,
686 1196 708 1251 si
738 1214 851 1271 prorsus
880 1198 918 1253 sic
939 1198 1076 1254 decretum
1100 1208 1142 1253 est
1164 1216 1293 1273 pugnare.
1339 1198 1475 1265 (litaniam
1498 1199 1531 1254 ad
1555 1207 1619 1254 me⁵

306 1287 424 1353 spectat.
448 1296 502 1334 non
524 1280 680 1336 detrectabo
704 1300 821 1355 pugnam
845 1292 946 1342 tecum.
976 1284 1122 1338 nauricorum
1145 1302 1253 1346 caussa,
1282 1284 1397 1357 dicoque
1422 1284 1447 1338 id
1471 1283 1547 1357 quod
1570 1291 1597 1338 et

305 1364 441 1420 lluttenus
463 1365 543 1426 dixit.
568 1364 719 1421 liberrime:
744 1367 766 1421 si
791 1368 817 1422 in
841 1368 961 1423 veritatis
983 1368 1138 1423 adsertores
1161 1387 1191 1424 ac
1213 1369 1371 1425 Christianae.
1386 1368 1523 1424 libertatis
1539 1369 1597 1423 sin·

304 1449 377 1505 dices
401 1448 543 1505 scribendo
567 1448 721 1506 iurectmus
744 1470 773 1508 es
796 1470 825 1508 ac
848 1470 898 1507 uos
921 1452 992 1508 ultra
1017 1453 1063 1508 tilii
1081 1454 1248 1509 adversaries
1264 1454 1404 1528 deposcis,
1429 1471 1482 1526 ego
1499 1460 1596 1508 eontra

305 1533 371 1589 nihil
394 1535 578 1591 animadverso
602 1535 656 1591 sire
679 1537 804 1592 lactiouis
827 1538 948 1598 nomine,
977 1538 1033 1592 sire
1063 1539 1134 1611 ‹priod
1164 1539 1318 1611 eloquentia
1342 1539 1429 1612 impar
1452 1537 1502 1594 tibi
1526 1555 1595 1598 suin.

304 1620 351 1675 sed
374 1619 413 1675 rei
436 1619 526 1675 lialiita
549 1620 653 1676 ratione
677 1639 755 1695 quam
779 1624 965 1696 persequeris.
989 1640 1156 1679 communem
1179 1633 1273 1679 contra
1297 1633 1323 1679 tc
1337 1640 1462 1679 caussam
1479 1622 1594 1684 tuebor:
1608 1634 1630 1674 m

304 1713 332 1759 ct
354 1712 457 1777 quanto
481 1705 507 1760 in
530 1722 581 1761 uos
603 1706 692 1761 acrior
712 1716 825 1762 coortus
849 1708 946 1767 trieris,
976 1717 1052 1763 tauto
1075 1709 1190 1781 accipies
1213 1709 1340 1764 intuenda
1362 1724 1458 1764 caussa
1481 1706 1597 1763 alacrio-

305 1806 359 1847 res.
405 1788 436 1845 Et
459 1789 560 1845 scribes
584 1800 613 1846 tu
636 1791 743 1864 ‹pddem
767 1792 849 1847 multa
872 1792 1065 1853 disertissime:
1096 1810 1146 1848 nos
1174 1810 1239 1848 roro
1266 1792 1333 1848 niliil
1362 1800 1488 1849 acicurato
1516 1809 1595 1848 exco-

304 1872 405 1935 lentes.
430 1875 501 1949 quod
524 1875 694 1932 scribendum
717 1877 769 1932 erit
792 1878 940 1950 scriptura,
964 1879 1016 1933 rita
1038 1895 1068 1932 ae
1085 1878 1241 1950 integritate
1257 1878 1441 1951 probabimus.
1486 1894 1598 1933 coacer-

304 1958 377 2014 raliis
400 1959 431 2014 ad
455 1968 481 2015 te
503 1960 702 2017 multitudinem
724 1963 937 2023 curtisariorum.
970 1970 997 2016 et
1026 1962 1136 2017 braclaio
1158 1980 1257 2018 carneo
1282 1963 1387 2037 tyranni
1412 1962 1450 2018 tui
1475 1961 1597 2018 sarnrabis

305 2052 346 2105 te:
370 2043 509 2100 nobiscum
531 2063 596 2101 vero
618 2046 670 2101 erit
692 2046 817 2102 dominus
838 2047 904 2102 cleiis
928 2056 1034 2106 iitister.
1058 2049 1103 2121 qm
1126 2047 1271 2103 auxiliator
1293 2057 1388 2104 noster
1410 2055 1452 2102 est
1476 2056 1630 2121 pugnat-it

304 2146 356 2202 que
379 2147 429 2203 pro
452 2128 538 2185 nobis.

736 2312 882 2363 ERASMO
901 2313 1152 2363 ROTHRODAMO

566 2401 775 2443 russurrsso
799 2402 839 2441 sn
863 2401 1102 2443 subremanere
1126 2401 1324 2444 nocrissnio

777 2470 864 2525 OTHO
887 2470 1107 2526 ttuvnrttstvs

910 2571 934 2612 S.
951 2573 982 2611 D.
1604 2575 1631 2617 2⁰

365 2676 531 2732 Stiecinctius
554 2674 684 2750 prelatus
708 2692 765 2729 sum
789 2681 876 2729 tecum
899 2675 932 2730 de
954 2674 1098 2730 lluttenieo
1124 2675 1237 2748 negorio
1261 2692 1339 2750 quam
1363 2674 1404 2731 rel
1427 2691 1473 2730 res
1496 2691 1595 2748 posce·

300 2761 346 2818 liat
370 2762 441 2836 ipsa.
465 2760 505 2817 rel
530 2759 680 2816 defensioni
704 2777 770 2815 uncae
793 2759 950 2834 expediebat
972 2760 1042 2834 apud
1066 2777 1113 2816 eos
1136 2760 1182 2833 qui
1205 2768 1306 2816 temere
1322 2760 1440 2816 tortasse
1455 2758 1596 2834 putabunt

300 2848 352 2904 hoc
375 2848 494 2903 muneris
518 2845 634 2901 subiisse
656 2862 715 2906 ine:
745 2853 826 2917 atque
849 2844 899 2900 lior
923 2845 1029 2900 tametsi
1052 2844 1109 2900 lieri
1133 2844 1278 2919 oportebat
1301 2846 1328 2900 in
1350 2844 1476 2905 orontio,
1501 2852 1594 2900 tamen

300 2952 313 2989 a
337 2950 378 2988 me
400 2931 526 2989 rorisulto
550 2930 648 2987 laetum
672 2947 726 2985 non
756 2938 813 2984 cst:
843 2930 958 3003 primum
986 2939 1016 2985 ut
1045 2947 1123 3003 (poam
1151 2930 1320 3005 [inuisissimis
1347 2929 1504 3003 expedirem
1533 2946 1593 2991 me:

298 3018 394 3075 deinde
418 3018 544 3091 quoniam
568 3025 632 3072 nuta
655 3023 713 3071 erat
736 3014 878 3086 tragedia,
909 3022 935 3069 et
958 3022 988 3069 ut
1010 3023 1113 3071 temtum
1138 3015 1169 3069 iis
1192 3015 1307 3070 lacerem
1330 3015 1396 3069 satis
1419 3030 1489 3087 quos
1513 3014 1628 3070 amicire

300 3102 454 3159 referebant
477 3121 526 3177 per
547 3110 620 3158 tuam
637 3100 783 3175 Spongiam
806 3099 934 3155 tristiorem
957 3100 983 3153 in
1008 3100 1114 3155 mudum
1136 3100 1255 3155 tillensos
1276 3100 1375 3163 luisse;
1399 3107 1542 3173 postremo
1559 3116 1594 3155 ne

299 3189 425 3263 protinus
454 3189 563 3262 impuno
593 3195 703 3262 putares
731 3183 812 3240 licere
841 3184 949 3239 mentiri
980 3184 1029 3239 tibi
1052 3202 1131 3240 omne
1154 3185 1333 3246 mendacium,
1364 3190 1391 3238 et
1413 3201 1517 3240 cornua
1541 3183 1594 3239 tibi

298 3291 418 3329 sumeres
442 3273 519 3348 qumi
543 3272 638 3328 sicoris
661 3271 728 3332 iana,
754 3270 815 3343 quia
839 3268 884 3324 ille
908 3268 963 3324 tata>
987 3268 1110 3324 sublatus
1125 3278 1166 3325 est
1183 3270 1229 3343 qni
1246 3268 1345 3325 bellum
1362 3268 1483 3343 increpit.
1519 3268 1594 3337 (luo-

297 3360 367 3414 niani
391 3368 479 3415 tamen
502 3376 535 3414 eo
559 3357 657 3413 iudicio
681 3373 734 3411 non
759 3372 852 3410 omues
876 3362 952 3414 saint.
982 3363 1009 3409 et
1037 3353 1077 3409 rel
1102 3362 1131 3409 tu
1154 3354 1307 3411 existimare
1329 3354 1419 3429 possis
1442 3353 1483 3409 vel
1508 3354 1593 3410 animi

297 3444 409 3519 (pliadum
433 3443 541 3499 levitate
563 3441 604 3498 rel
628 3459 692 3497 raim
716 3439 803 3513 gloria
827 3440 877 3494 lure
901 3439 1043 3495 adductum
1066 3458 1126 3494 osse
1155 3457 1209 3501 irae,
1242 3440 1332 3513 accipe
1361 3438 1481 3494 breviter
1509 3456 1524 3495 a
1547 3451 1628 3495 cai-ao

296 3530 352 3604 pite
376 3530 421 3603 qui
446 3529 544 3585 lactum
568 3538 609 3584 est
632 3526 704 3602 quod
728 3524 927 3598 responderim,
951 3532 979 3579 et
1002 3524 1064 3597 quid
1088 3524 1115 3578 in
1140 3532 1165 3579 te
1187 3525 1354 3598 desiderem.

360 3614 446 3670 dllata
468 3622 510 3669 est
533 3613 597 3669 mihi
621 3612 737 3687 prinmm
760 3609 950 3682 Nncnliurgam
973 3608 1090 3681 Spongia
1116 3618 1175 3669 tna,
1205 3610 1268 3665 illim
1290 3609 1376 3665 adlmc
1398 3609 1501 3665 vireret
1524 3609 1594 3666 Hut·

295 3709 390 3762 tenus:
419 3708 500 3773 atquc
529 3699 580 3755 dici
611 3716 665 3753 mm
688 3703 780 3770 potest
803 3712 882 3767 quam
906 3712 947 3749 me
969 3693 1115 3749 ‹totileeerit
1145 3692 1345 3756 dolentissime.
1375 3694 1438 3749 duur
1467 3694 1592 3751 ridebam

297 3795 349 3841 tam
372 3785 548 3859 contemptim
571 3792 596 3839 et
620 3779 768 3838 deridiculo
791 3780 903 3836 natricum
928 3778 992 3835 milii
1016 3778 1127 3835 lacerari
1150 3787 1178 3834 et
1201 3779 1258 3834 rodi
1281 3797 1331 3853 per
1354 3787 1388 3834 le.
1434 3796 1497 3834 mos
1521 3797 1593 3835 urin·

294 3871 382 3927 cietur
403 3877 431 3926 ot
453 3869 593 3926 occubitus
615 3865 832 3942 eloquentissimi
855 3873 882 3920 et
906 3864 1073 3937 integerrimi
1090 3864 1153 3923 riri:
1182 3863 1310 3919 accrescit
1327 3864 1413 3919 indies
1436 3863 1532 3925 dolor.
1562 3872 1626 3920 etas

294 3956 376 4031 cupit
399 3973 440 4011 me
463 3973 517 4011 nou
542 3963 595 4011 tam
620 3953 689 4010 male
712 3950 811 4007 babere
835 3949 930 4024 optimi
954 3948 1031 4004 amici
1054 3966 1128 4004 mors
1151 3965 1230 4022 ipram
1256 3957 1299 4004 tua
1323 3947 1485 4004 stultissima
1501 3948 1592 4024 Spon-

248 4072 250 4075 <
294 4041 351 4114 gia.
375 4040 447 4115 quod
471 4040 589 4096 ridebam
614 4039 736 4095 futurum
760 4044 789 4090 ut
813 4034 966 4091 mentireris
990 4035 1041 4089 iam
1064 4033 1131 4089 citra
1154 4033 1285 4106 pudorem
1308 4033 1335 4088 in
1358 4033 1496 4089 bominem
1513 4034 1591 4109 quic·

295 4127 358 4199 quid
383 4125 473 4182 velles.
519 4126 596 4182 l'enit
620 4126 712 4197 itaque
736 4122 762 4176 iu
786 4129 919 4181 trientem,
942 4127 971 4174 ut
989 4119 1059 4173 sices
1073 4136 1198 4191 agerem:
1222 4118 1347 4192 parabam
1364 4118 1473 4180 stilum,
1498 4128 1527 4175 et
1543 4119 1591 4174 ali·

295 4211 428 4267 sterrebat
453 4219 541 4267 tarnen
570 4208 727 4284 eloquentia
760 4214 818 4266 toa:
850 4204 975 4278 putabam
1004 4204 1075 4259 enirn
1104 4204 1204 4258 trustra
1233 4221 1292 4258 esse
1322 4201 1456 4259 lacessere
1485 4204 1532 4277 qui
1563 4204 1590 4259 in

295 4305 367 4352 tanta
391 4305 464 4352 essct
487 4297 687 4352 existimatione
710 4291 780 4366 apird
804 4289 953 4346 cardinales
976 4297 1003 4344 et
1026 4289 1182 4362 episcopos.
1207 4288 1228 4342 si
1251 4287 1328 4343 cules
1351 4286 1456 4344 seilicet
1480 4289 1625 4345 morde-to

295 4390 337 4437 ret
359 4380 549 4456 elephantum:
572 4382 675 4439 abduco
699 4393 807 4434 maurim
830 4394 843 4430 a
869 4374 974 4434 taliata,
1003 4372 1134 4429 alonabam
1158 4373 1281 4428 iniuriam
1305 4373 1382 4428 :aurici
1405 4374 1451 4446 qui
1475 4374 1529 4429 iam
1554 4375 1591 4429 ri·

295 4466 373 4523 vebat
396 4467 421 4522 in
444 4484 521 4540 pace,
551 4485 631 4542 quam
653 4474 680 4522 et
704 4465 762 4541 ipse
784 4461 950 4518 ‹zotrdonarat
973 4458 1098 4532 spiritum
1123 4458 1249 4519 reddens,
1279 4458 1386 4513 tametsi
1409 4475 1457 4513 sua
1483 4467 1590 4515 tantiam

296 4569 349 4607 non
372 4560 444 4615 erat,
468 4552 514 4607 scd
537 4554 655 4610 onmium
679 4550 814 4607 bonorum
837 4547 970 4605 virorum,
995 4544 1041 4599 sed
1064 4543 1179 4598 Christi:
1202 4560 1290 4616 nequo
1314 4543 1383 4598 eirim
1399 4542 1512 4599 llutteni
1537 4544 1590 4600 boc

297 4637 437 4711 negocium
462 4645 563 4694 tantum
587 4639 659 4713 agis,
684 4634 730 4691 sed
754 4632 827 4688 relat
851 4632 876 4686 in
899 4630 994 4686 chaum
1017 4628 1160 4683 cainluudis
1182 4627 1235 4684 lanc
1257 4627 1385 4702 quicquid
1407 4645 1524 4702 usquam
1542 4648 1590 4704 po·

366 4871 498 4921 ¹⁹0tt03.
535 4871 554 4905 ³¹
569 4872 625 4939 qni]
641 4872 739 4939 quidd.
777 4866 1046 4928 ³²Nuenburgd1.2.
1065 4862 1467 4927 Nenenburgamd.Cl.p.li'i.
1515 4862 1589 4929 iluna]

298 4957 357 5007 Hoc
375 4958 538 5008 inadeurute
556 4959 660 5009 dictum
679 4973 740 5009 esse
759 4953 881 5004 ridetur:
901 4951 1024 5016 Spongia
1042 4949 1142 5015 prodiit
1160 4954 1222 5012 post
1234 4948 1349 4997 Hnttoui
1369 4947 1490 5010 obitum,
1509 4964 1591 5014 quern

296 5042 471 5095 Brunt'eleius
485 5058 544 5093 cum
558 5043 709 5110 Spongiam
722 5041 875 5104 acciperet,
889 5035 1007 5086 nondum
1021 5038 1200 5099 compererat.
1236 5031 1258 5064 ⁴¹
1269 5030 1406 5098 spiritum]
1420 5048 1450 5083 se
1464 5034 1556 5100 ipsum
1564 5038 1592 5086 3.
