3934 6034
358 670 524 722 cccxciv.
545 666 631 733 [incar
647 665 738 733 uenia]
758 682 793 716 so
808 681 969 717 aroaomau
983 681 1040 716 ion.
1056 681 1139 714 caorr
1154 678 1276 715 aveesur
1291 675 1454 713 rusrouaao.
1471 669 1528 713 tcta.
1567 647 1640 719 459

353 846 420 901 aleus
443 842 591 916 reliquisti,
621 842 667 898 serl
691 842 718 896 iu
742 858 811 896 novo
834 838 941 900 seculo,
970 856 1037 894 nova
1068 838 1182 911 quaalam
1206 838 1331 898 natione,
1354 839 1475 911 adeoque
1497 837 1550 894 alio
1574 855 1642 912 pene

277 956 280 960 ·
354 928 434 988 urhe,
463 937 491 983 et
518 936 572 983 tam
600 927 666 981 mira
696 943 726 982 ac
748 924 889 982 horribilis
910 924 1036 980 celeritas
1059 922 1111 978 luit
1134 922 1305 982 mutationis,
1337 930 1367 976 ut
1395 940 1457 978 vere
1483 923 1541 979 dias
1570 924 1642 980 diem
1667 927 1671 938 ’

353 1013 490 1073 aloeuerit;
520 1010 630 1066 inultos-
644 1009 711 1066 tales
733 1008 868 1082 parasitos
891 1009 937 1080 epu
961 1007 1062 1063 ventris
1084 1024 1163 1063 caiisa
1187 1006 1285 1080 Papam
1307 1014 1334 1061 ct
1358 1006 1430 1063 illam
1452 1015 1641 1081 consputatam

354 1098 464 1154 Romam
487 1113 583 1151 rursus
607 1102 736 1149 oretenus
765 1094 791 1148 iu
819 1091 917 1148 ciclum
945 1091 1129 1151 sustuleruut,
1159 1091 1302 1147 audieruut
1332 1090 1374 1145 his
1403 1092 1571 1165 temporibus
1592 1092 1641 1148 Pa·

332 1183 432 1256 aptstn
456 1179 647 1253 (nequeenim
672 1186 698 1232 te
720 1176 808 1233 solum
832 1177 863 1233 atl
886 1177 934 1231 has
956 1183 1030 1231 artes
1052 1174 1183 1248 compulit
1204 1175 1311 1245 Peuia);
1339 1175 1450 1233 luerunt
1472 1177 1553 1232 otiam
1576 1179 1708 1232 autel-¹¹·

356 1276 382 1321 te
405 1283 460 1320 aron
483 1264 572 1320 solum
595 1262 688 1334 lingua
710 1270 737 1316 et
761 1278 838 1322 voce,
868 1261 914 1316 scal
937 1268 964 1316 ot
988 1260 1087 1321 tussi,-
1101 1276 1161 1332 quae
1183 1259 1269 1314 altera
1292 1276 1340 1315 vos
1363 1260 1446 1316 videri
1469 1261 1571 1333 possit,
1600 1278 1643 1315 ra·

353 1351 442 1406 lentos
464 1359 600 1420 apaturos,
632 1346 677 1420 qui
708 1346 735 1401 in
759 1346 861 1418 Regum
884 1345 952 1401 aulis
975 1343 1077 1401 venalia
1100 1344 1315 1417 prostituerunt,
1346 1345 1432 1417 siquis
1454 1344 1547 1400 audire
1570 1344 1642 1405 velit,

354 1435 439 1495 salse,
464 1434 549 1493 laute,
572 1431 661 1506 lepide
684 1439 711 1486 et
734 1431 818 1487 facete
840 1430 911 1485 «licta
934 1438 961 1484 et
982 1428 1116 1501 «exquisita
1138 1428 1255 1485 convitia
1277 1429 1303 1484 iu
1319 1429 1480 1489 lutherum.
1504 1439 1531 1484 et
1554 1437 1642 1484 tamen

354 1528 414 1574 toto
437 1520 497 1575 loro
520 1517 615 1577 eiecti,
638 1515 757 1572 exihilati
780 1522 808 1569 et
830 1513 934 1587 explosi
958 1521 1035 1575 sunt;
1058 1513 1124 1568 arluc
1147 1531 1191 1568 ars
1214 1513 1261 1569 illa
1283 1513 1365 1585 longe
1381 1513 1524 1569 utilissima
1540 1523 1568 1569 et
1583 1513 1643 1587 pul·

324 1604 491 1660 ltcherrima
506 1601 636 1657 Grrartouis
659 1608 787 1672 quastus.
803 1616 863 1653 csse
884 1598 966 1655 desiit
988 1597 1158 1658 uherrimus,
1181 1598 1247 1654 adeo
1269 1616 1330 1655 curn
1353 1598 1434 1655 rehus
1456 1607 1483 1653 et
1505 1606 1578 1654 statu
1600 1616 1644 1654 ec·

355 1688 510 1743 clesiastico
533 1694 561 1743 et
584 1685 636 1740 illae
658 1691 731 1739 artes
754 1690 910 1744 mutantur,
934 1683 1041 1756 prodita
1065 1690 1128 1738 sunt
1144 1683 1202 1738 hauc
1217 1683 1349 1739 Guatouis
1370 1677 1507 1756 mysteria.
1552 1683 1711 1738 omnia§.¹‘·'.

355 1790 416 1846 quae
437 1772 505 1832 alisi,
535 1770 599 1826 olim
621 1768 731 1830 callida,
761 1767 826 1823 oliui
854 1776 957 1828 astuta,
989 1767 1166 1827 veteratoria,
1196 1766 1340 1823 artificiosa
1367 1775 1395 1822 at
1417 1766 1564 1824 Guatouica
1587 1768 1645 1824 sue·

355 1865 435 1917 rotat,
459 1874 528 1911 nuuc
551 1853 595 1909 illu
618 1852 667 1923 (llil
690 1852 859 1909 malefaciant
875 1851 928 1907 illis
945 1851 1078 1913 sutilibus,
1095 1851 1141 1925 qui
1156 1850 1345 1925 prodiderunt)
1367 1852 1487 1925 protlita,
1510 1853 1643 1925 evatlgata,

354 1941 473 2001 detecta,
497 1938 602 2013 prolata
625 1945 689 1993 sunt
712 1937 809 1993 unrnia.
854 1936 886 1991 Et
909 1936 1007 1991 ntirum
1030 1936 1082 1991 uisi
1105 1945 1135 1992 tu
1158 1936 1191 1991 ah
1213 1936 1269 1997 his,
1293 1936 1339 2008 qui
1363 1953 1432 1992 novo
1448 1938 1564 2009 quoalatn
1581 1938 1645 1992 arti·

324 2024 418 2080 utteic
434 2023 570 2097 simplices
586 2042 615 2078 se
638 2022 845 2078 insidiosissime
868 2021 1011 2080 simulant,
1034 2029 1062 2075 et
1084 2039 1098 2075 a
1122 2020 1220 2094 qtiihus
1243 2020 1350 2076 minime
1373 2029 1468 2094 putas,
1497 2038 1644 2094 coguosce-

356 2110 394 2163 ris
416 2117 443 2164 et
466 2107 647 2181 pernosceris.
692 2106 783 2178 Neque
806 2106 856 2162 hoc
879 2106 944 2160 mihi
968 2113 1043 2160 tuum
1065 2105 1208 2161 consilium
1230 2106 1333 2179 placet,
1363 2106 1434 2178 quorl
1457 2106 1589 2161 eiusmodi
1612 2105 1712 2162 tntu.

355 2192 434 2247 hellis
457 2193 505 2247 ahs
528 2202 554 2247 tc
576 2191 680 2252 malitis,
705 2191 782 2246 iratis
798 2190 888 2250 llusis.
913 2190 940 2245 in
963 2190 1151 2263 praelationem
1173 2189 1383 2250 anumleutam,
1407 2190 1432 2245 in
1455 2190 1645 2247 criminatores

354 2276 503 2331 manicatis
526 2276 564 2331 tui
587 2275 681 2331 aulicis
704 2275 794 2330 sucum
817 2275 905 2330 lacere
928 2274 1036 2329 stodes:
1066 2291 1126 2329 narn
1149 2291 1183 2329 ne
1205 2274 1254 2330 hac
1277 2274 1384 2347 quialem
1407 2282 1465 2329 arto
1488 2274 1554 2329 satis
1576 2275 1646 2330 vela·

358 2370 417 2419 tus,
451 2360 517 2415 satis
540 2358 678 2415 coloratus
701 2368 728 2414 ct
750 2367 913 2432 persouatus
937 2358 1052 2413 interior
1075 2357 1120 2413 ille
1142 2358 1240 2414 Cautus
1263 2367 1305 2413 cst
1332 2358 1404 2431 apurl
1425 2359 1563 2431 Papistas;
1593 2359 1644 2432 ipsi

320 2444 466 2516 ecquidem
489 2443 585 2515 legunt
607 2443 658 2498 hos
682 2451 743 2498 tuos
766 2442 889 2503 libellos,
912 2451 939 2497 et
962 2441 1008 2497 illa
1031 2459 1091 2515 qun.
1114 2442 1225 2498 simulas
1247 2442 1357 2498 hostilia
1379 2443 1480 2516 scripta
1502 2443 1529 2498 in
1545 2443 1646 2499 vicinos

356 2529 448 2584 nescio
472 2545 557 2600 quos,
582 2527 627 2583 scal
651 2526 760 2582 interim
783 2527 887 2587 vident.
912 2526 1019 2581 iuterim
1044 2526 1194 2583 sentiscunt
1219 2535 1244 2582 tc
1266 2543 1319 2581 uon
1335 2527 1402 2582 satis
1417 2528 1562 2582 excitatum
1577 2544 1645 2588 esse,

356 2620 383 2668 te
406 2612 506 2685 frigide
528 2629 610 2684 agera
632 2628 755 2672 causam,
779 2618 806 2666 et
829 2610 948 2672 scrihere
972 2610 1094 2683 quialem,
1118 2610 1165 2666 sed
1186 2611 1353 2683 cogitantem
1375 2611 1408 2666 tle
1431 2611 1541 2673 larinis,
1571 2612 1646 2685 cogi-

357 2704 459 2752 tantem
481 2696 514 2751 ale
537 2695 644 2756 saliuis,
675 2705 705 2750 ut
727 2712 833 2768 semper
856 2694 931 2749 luisti
955 2694 1136 2755 salsissimus,
1164 2711 1218 2750 uon
1239 2696 1272 2750 ale
1295 2694 1433 2757 hostibus,
1488 2704 1644 2784 {palpatam

356 2798 444 2853 noque
468 2780 547 2835 utin
570 2796 599 2834 re
623 2787 697 2835 tanta
719 2796 800 2852 agere
824 2778 956 2834 eiusmodi
980 2778 1115 2850 languidis
1137 2787 1165 2834 et
1193 2778 1380 2835 intermortuis
1403 2779 1435 2833 li·
1510 2757 1646 2831 ''ellim’'

320 2864 448 2927 cultellis,
472 2865 539 2920 satis
561 2864 707 2920 hostiliter.
751 2863 867 2918 Proinde
889 2862 939 2918 hac
961 2880 992 2918 er
1015 2871 1092 2935 parte
1115 2862 1189 2918 vahle
1211 2864 1244 2918 ale
1268 2872 1293 2917 tn
1314 2862 1447 2918 sollicitus
1462 2882 1535 2926 surn,
1559 2873 1589 2920 ut
1604 2884 1646 2921 sa·

356 2950 392 3004 tis
414 2948 510 3004 callide
532 2957 560 3004 et
581 2948 731 3021 prudenter
752 2947 843 3020 possis
865 2946 1036 3002 dissimulare
1059 2956 1192 3002 araturam.
1226 2947 1305 3002 creale
1329 2947 1408 3007 mihi,
1433 2957 1495 3003 tuus
1517 2948 1561 3004 ille
1582 2950 1714 3010 Car-§.ts

355 3031 454 3088 ilinalis
477 3032 571 3088 oculos
594 3032 689 3092 hahet,
712 3033 794 3087 etde
816 3031 972 3087 hominihus
996 3048 1049 3086 aton
1073 3030 1138 3085 nihil
1164 3031 1280 3086 italicam
1303 3031 1392 3093 trinit,
1415 3041 1443 3087 et
1458 3035 1570 3095 uriraun,
1595 3036 1646 3091 nisi

312 3123 318 3131 '
355 3117 485 3190 Princeps
508 3117 639 3190 sapientia
662 3115 793 3188 singulari
816 3124 844 3170 et
866 3115 1008 3171 encollonti
1031 3125 1058 3170 et
1082 3124 1156 3171 tanto
1180 3125 1301 3189 tempore
1324 3134 1373 3171 usu
1404 3134 1494 3172 rerum
1522 3120 1648 3176 maxima·

357 3218 417 3256 rum
440 3202 575 3256 exercitus
598 3218 627 3256 ac
650 3201 756 3272 peritus
780 3200 877 3255 melius
900 3200 950 3255 iam
976 3216 1046 3256 nunc
1069 3209 1095 3255 tc
1117 3202 1325 3273 introspexerit,
1350 3219 1429 3275 ipuam
1448 3203 1504 3275 ipse
1522 3213 1547 3259 to
1564 3206 1645 3261 nosti.

321 3285 409 3340 aoSeal
432 3285 535 3357 cogitat
555 3285 648 3340 forsan
671 3291 699 3339 et
721 3292 857 3357 expectat,
883 3302 1014 3357 quorsum
1038 3285 1082 3339 illa
1106 3284 1245 3358 impudens
1264 3295 1291 3341 et
1313 3286 1541 3344 continentissima
1565 3290 1648 3345 simu·

356 3368 423 3423 latio
448 3377 493 3423 tua
519 3369 624 3424 taudem
651 3385 762 3423 evasura
790 3369 834 3423 sit.
878 3368 937 3424 Nou
966 3377 1008 3424 est
1030 3378 1060 3424 ut
1083 3370 1134 3424 hoc
1163 3370 1255 3425 seculo
1285 3370 1330 3425 tali
1354 3370 1472 3426 naltihus
1492 3383 1538 3429 aut
1560 3373 1648 3429 verbis

355 3453 450 3508 eretlas
478 3453 588 3507 aulicis:
618 3451 684 3506 nihil
708 3451 829 3508 fallacius
853 3451 927 3508 vultu
948 3461 976 3507 et
999 3452 1052 3508 illis
1076 3453 1230 3509 liotionihus
1253 3456 1309 3510 oris
1337 3465 1364 3510 ct
1388 3457 1502 3517 hontis.
1530 3468 1557 3513 et
1579 3476 1648 3532 prau-

355 3537 450 3592 sertim
471 3537 497 3591 iu
517 3536 577 3591 aula
601 3537 659 3592 haec
681 3545 745 3592 sunt
769 3537 949 3599 fucatissima;
975 3536 1109 3611 vulpissas
1128 3539 1234 3600 loasau,
1264 3541 1310 3596 soal
1333 3549 1428 3595 contra
1451 3542 1570 3604 aulicus,
1601 3545 1646 3598 scal

354 3629 450 3677 contra
473 3621 575 3694 vulpes

319 3717 345 3758 as
441 3705 582 3767 Naturam,
602 3704 690 3778 inquit
712 3705 770 3768 ille,
794 3705 912 3780 expellas
935 3707 1025 3767 saraca,
1050 3715 1138 3762 tamen
1157 3725 1242 3779 usquc
1267 3720 1400 3766 recurret:
1424 3729 1568 3784 pomonam
1592 3714 1647 3768 lor·

354 3807 401 3844 san
426 3790 521 3845 inaluos
544 3788 713 3862 aliquandiu,
743 3791 790 3846 sed
811 3790 910 3847 Crotus
939 3799 1026 3846 tamen
1050 3791 1148 3847 realihit
1169 3791 1200 3846 aul
1222 3795 1368 3866 ingenium.
1413 3804 1495 3868 atque
1517 3797 1553 3852 ihi
1572 3806 1717 3860 eave,l.¹⁵.

354 3890 388 3928 ne
410 3874 461 3930 hoc
483 3874 667 3930 suhodcretur
688 3875 817 3948 Princeps
837 3882 969 3931 entuuctae
993 3877 1080 3937 naris,
1105 3894 1138 3931 ue
1154 3876 1252 3949 aliquis
1268 3879 1404 3951 porviileat
1420 3880 1550 3954 Lynceus,
1596 3884 1647 3938 Setl

354 3957 413 4013 haec
433 3958 514 4013 missa
538 3959 623 4020 facio,
654 3967 681 4013 et
711 3977 744 4014 ne
764 3959 862 4014 iterum
891 3960 940 4015 tihi
969 3962 1090 4034 ingeram
1115 3962 1194 4017 nianis
1216 3963 1285 4019 scria
1308 3972 1334 4019 ct
1359 3965 1468 4027 tetrica,
1497 3967 1529 4021 atl
1554 3976 1648 4023 uostra

354 4041 433 4097 venio
447 4042 599 4116 colloquia,
622 4042 752 4099 interiora
768 4050 795 4098 ot
817 4053 921 4107 vetera,
941 4054 968 4101 et
986 4063 1019 4101 ne
1044 4046 1115 4101 inter
1137 4047 1260 4120 Papistas
1282 4048 1376 4109 isthic,
1397 4050 1467 4105 iuter
1482 4052 1597 4107 Catones
1617 4051 1648 4106 il·

318 4125 397 4180 aulos
418 4134 481 4196 tuus
496 4125 714 4187 Ecclesiasticus.
739 4127 785 4182 uhi
806 4145 860 4183 non
880 4129 1007 4203 proloqui
1030 4131 1113 4188 auiles
1136 4133 1207 4204 apuaul
1231 4133 1330 4194 seratis,
1352 4134 1473 4190 aloaliseas
1491 4135 1555 4191 ilhul
1572 4145 1648 4192 tunm

421 4389 431 4419 ⁵
448 4387 546 4453 Penio]
566 4392 733 4456 Paupertas,
753 4392 861 4458 Inopia.
920 4392 941 4426 ¹⁰
960 4394 1071 4459 questus
1092 4399 1115 4445 1.
1181 4395 1202 4429 ¹⁷
1222 4399 1250 4446 in
1268 4400 1346 4463 praef.
1366 4398 1425 4465 etc]
1445 4405 1513 4452 Hauc
1532 4409 1581 4452 eut
1600 4405 1646 4453 ob·

353 4490 433 4523 scurc
454 4474 636 4538 meneloseque
656 4476 761 4541 scripta
781 4482 830 4525 eut
849 4477 884 4526 ab
903 4480 995 4542 operia
1014 4487 1144 4545 corrupta
1169 4498 1229 4533 essu
1248 4485 1385 4535 videntur.
1420 4489 1461 4559 Ap
1478 4505 1528 4552 per·
1544 4507 1571 4552 p.
1586 4488 1646 4538 loco

352 4561 376 4606 tu
389 4560 436 4622 p?
449 4559 552 4607 omissa
566 4558 702 4607 incisione
716 4565 780 4609 autc
794 4564 820 4609 iu
832 4578 869 4611 cr.
904 4561 1006 4627 aeditis]
1020 4563 1065 4614 Sic
1075 4565 1203 4616 solebant
1214 4569 1241 4616 in
1251 4569 1296 4618 off.
1305 4570 1490 4621 Frobcniaua.
1525 4570 1575 4604 “l''
1590 4574 1645 4624 vic.

351 4658 427 4691 uesc.
443 4639 479 4706 q.]
493 4642 761 4706 Witteubargcuaes.
815 4644 836 4677 ¹³
855 4647 896 4696 ad
909 4663 934 4696 v.
948 4647 1051 4703 Salluis
1069 4663 1099 4701 at.
1120 4650 1249 4702 Olennius
1268 4653 1412 4704 adnotavit
1429 4657 1580 4716 „Codicum
1599 4674 1645 4723 po·

351 4726 429 4775 uideo
449 4742 474 4774 a.
489 4726 520 4775 C.
537 4723 611 4774 1480.
625 4732 653 4775 ot
674 4726 745 4777 1528.
765 4732 910 4796 scriptum,
936 4732 963 4780 iu
988 4747 1041 4794 quo
1065 4748 1118 4783 uon
1143 4737 1346 4802 archiepiscopi
1364 4739 1456 4804 Magd.
1471 4741 1571 4801 colum,
1598 4743 1646 4791 soal

351 4811 536 4860 miraistrorum
557 4825 662 4874 quoque
683 4813 804 4863 eitasdem
824 4830 963 4864 sacrorum
982 4814 1096 4876 (Herm
1117 4819 1220 4885 Psoffen
1239 4824 1290 4870 und
1302 4823 1419 4886 Hetllpen
1438 4824 1526 4886 Saule)
1545 4828 1645 4891 portio·

352 4908 401 4942 nes
420 4894 584 4943 Halensium
607 4895 800 4948 alescrihuntur
822 4900 986 4959 salinarum,
1013 4901 1112 4966 quibus
1137 4903 1164 4952 hi
1188 4906 1340 4969 praesertim
1360 4908 1394 4957 nd
1413 4911 1644 4960 sustentationem

349 4979 391 5027 uti
410 4982 437 5027 ot
456 4979 510 5027 frui
528 4985 657 5043 poterant
675 4980 848 5033 lroncstaan.''
892 4983 914 5015 ³²
927 4982 995 5049 iltis]
1011 4986 1074 5036 aliis
1089 4990 1113 5038 2.
1124 4991 1149 5037 3.
1202 4988 1224 5019 ³⁵
1242 4987 1302 5055 ille]
1317 4992 1414 5042 Horat.
1430 4994 1510 5058 epist.
1527 4997 1549 5045 1.
1566 4994 1603 5057 10,
1614 5005 1649 5045 at.
