3934 6034
399 689 610 741 cccxxxlssl.
630 703 815 740 nnruurrnsn
831 704 883 739 rno
897 702 1027 740 nvrrcuo
1040 702 1076 737 an
1088 700 1191 736 nassau
1206 699 1344 734 enunciari
1359 696 1520 734 nesronsro.
1558 664 1630 736 347

352 867 427 921 tuisti
449 865 648 921 mendaciorum
670 865 828 926 corradere,
858 864 984 938 quicquid
1016 880 1128 936 usquam
1157 869 1215 916 erat
1242 860 1274 915 ad
1303 859 1426 914 invidiam
1452 854 1583 930 evangeiii
1606 865 1633 912 et

352 951 456 1024 negocii
479 951 640 1011 butberani,
670 958 699 1005 ut
727 951 804 1006 euius
827 966 880 1005 neu
904 958 1014 1023 proteras
1036 966 1097 1003 cum
1125 948 1237 1002 veritate
1260 944 1366 1000 obiecta
1394 942 1533 1005 refellere.
1562 942 1633 998 bunc

354 1037 406 1092 tuis
429 1036 559 1091 obrueres
588 1036 731 1092 rbetoricis
761 1035 868 1096 ironiis,
898 1033 1144 1107 assumptioniims.
1173 1028 1446 1106 praesumptionibus,
1476 1028 1633 1103 suspitioni·

353 1121 417 1182 bus,
445 1121 669 1182 divinationibus.
700 1121 797 1195 quilms
820 1120 966 1193 praestigiis
990 1118 1092 1174 ιιιιιιιιιιι
1116 1135 1169 1174 ηοιι
1193 1117 1282 1173 sanctam
1305 1114 1378 1170 soles
1400 1113 1545 1186 obtegere,
1574 1112 1634 1168 nui·

330 1206 404 1262 atam
428 1224 482 1262 nou
502 1207 645 1261 ¹veritatem
668 1205 821 1262 obscurare.

415 1291 524 1347 luterim
554 1292 672 1347 seeundo
699 1292 789 1347 editur
815 1309 864 1366 per
887 1300 914 1345 tr
937 1290 1028 1346 infelix
1052 1298 1079 1344 et
1102 1289 1198 1344 urisera
1221 1287 1356 1361 Spongia.
1385 1295 1415 1341 ιιι
1437 1301 1492 1340 ιιοιι
1516 1285 1566 1340 iam
1589 1284 1635 1339 ad·

351 1377 493 1450 spergines
521 1376 704 1449 abstergeret,
735 1377 779 1432 scd
806 1376 980 1433 coutraberct
1007 1384 1034 1431 et
1062 1374 1203 1430 imbiberet
1231 1372 1357 1447 quiequid
1384 1371 1485 1426 ultimae
1514 1370 1579 1426 fecis
1607 1376 1634 1423 et

352 1462 472 1518 sordium
495 1470 567 1523 erat,
598 1480 664 1535 urias
694 1478 849 1535 compressa
878 1461 1005 1516 cibumat.
1049 1460 1169 1520 additur,
1199 1476 1258 1532 quae
1287 1458 1355 1513 banc
1384 1474 1479 1512 renum
1508 1461 1633 1529 exponat.

352 1547 474 1608 mordax,
503 1547 693 1621 sycophantica
722 1556 749 1602 et
773 1547 902 1602 virulenta
926 1544 1050 1620 epistola.
1094 1544 1184 1600 entitur
1205 1554 1232 1599 et
1255 1544 1337 1599 tertio
1359 1543 1428 1616 apud
1452 1540 1634 1601 Colonieuses,

321 1632 443 1687 tttneseio
466 1649 499 1687 an
523 1640 567 1687 tun
591 1650 673 1705 opera
696 1650 727 1687 :m
752 1631 860 1687 illorum
883 1631 981 1705 ‹pribus
1005 1631 1119 1687 iucunda
1141 1638 1205 1684 suut
1227 1628 1380 1685 huiusmodi
1409 1626 1575 1700 spectacula,
1605 1633 1635 1680 ut

352 1718 457 1772 videant
480 1718 579 1790 passim
603 1726 727 1790 prostare
750 1717 857 1773 infamia
881 1717 967 1771 bonus
991 1725 1019 1771 ct
1041 1714 1210 1789 evangelicos
1233 1715 1313 1771 viros.
1358 1712 1389 1767 Ει
1413 1729 1446 1767 ne
1469 1712 1555 1767 adbuc
1577 1711 1636 1784 qni·

351 1802 410 1857 dem
434 1802 639 1875 responsionem
662 1802 791 1864 arcebitur:
819 1820 882 1857 casu
904 1801 983 1857 verrio
1005 1802 1037 1858 ad
1065 1801 1179 1862 amicos.
1211 1808 1322 1872 urgent,
1352 1798 1508 1860 obsecrant,
1538 1796 1636 1852 edbur-

353 1894 458 1948 tantur,
488 1886 640 1961 appeliant,
669 1905 733 1943 num
761 1904 857 1960 queam
886 1905 946 1943 esse
975 1896 1031 1942 tam
1055 1886 1226 1942 adamantino
1252 1884 1333 1941 corde
1361 1892 1387 1939 et
1416 1884 1488 1939 ferre
1512 1882 1635 1938 iniuriam

352 1973 427 2028 amici
451 1981 504 2027 tam
528 1973 560 2027 de
584 1989 625 2028 me
649 1971 716 2028 bene
739 1973 845 2033 meriti.
875 1981 902 2028 et
924 1972 994 2028 rebe
1021 1989 1050 2027 se
1080 1972 1186 2045 quidem
1218 1970 1316 2030 multa.
1347 1969 1393 2024 sed
1422 1969 1521 2024 nemini
1550 1967 1636 2039 magis

319 2064 522 2131 tectimpercrc,
547 2059 600 2113 imo
623 2067 649 2113 ct
672 2057 753 2113 licere
776 2075 833 2113 eam
856 2058 1020 2132 provinciam
1043 2074 1121 2129 quam
1144 2057 1223 2118 mibi,
1246 2073 1301 2130 qiru
1324 2055 1403 2110 bodie
1424 2054 1524 2109 nemini
1540 2051 1637 2108 meiius

352 2151 501 2216 perspectae
524 2142 674 2199 lbrtteuicae
696 2160 739 2197 res
762 2152 841 2205 sum,
871 2152 898 2198 et
927 2143 967 2198 ine
995 2160 1055 2198 cum
1087 2143 1181 2216 primis
1204 2159 1264 2215 qum
1288 2142 1359 2196 iuter
1381 2148 1407 2194 te
1429 2148 1457 2194 et
1480 2139 1567 2212 ipsum
1590 2155 1637 2209 ge·

352 2237 458 2283 ruutur.
504 2245 599 2285 recuso
628 2228 746 2283 officium
775 2246 806 2282 ex
836 2228 927 2284 cadem
954 2246 1061 2289 caussa,
1090 2237 1120 2283 ut
1141 2227 1203 2282 dixi.
1249 2228 1351 2281 interea
1374 2225 1517 2280 nunciatur
1538 2232 1565 2279 et
1587 2224 1637 2278 au·

352 2312 470 2374 schimn,
496 2314 581 2368 ririuu
604 2331 634 2367 en
658 2331 736 2386 murm
759 2314 868 2369 doctum
891 2321 918 2368 et
942 2314 1092 2385 integrum,
1116 2321 1146 2367 ut
1168 2321 1210 2367 est
1226 2312 1372 2385 impietatis
1387 2318 1414 2366 et
1431 2309 1574 2365 iniusticiae
1590 2308 1638 2363 im·

352 2397 581 2471 patientissimus,
605 2398 810 2471 responsionem
827 2398 933 2471 quidem
950 2398 1087 2459 meditari,
1111 2398 1156 2454 sed
1173 2399 1270 2470 partim
1287 2396 1398 2468 negocia
1413 2394 1554 2454 remorari.
1577 2411 1639 2467 par·

317 2490 342 2529 ²⁰
354 2483 401 2538 tim
424 2491 565 2555 expectare
589 2484 661 2556 quod
683 2502 735 2555 ego
758 2483 944 2557 expectabam.
974 2484 999 2539 id
1028 2491 1070 2538 est
1099 2492 1129 2538 ut
1157 2482 1254 2555 aliquis
1277 2482 1399 2556 prodiret
1422 2480 1467 2554 qui
1490 2480 1638 2535 Huttenum

351 2567 506 2641 eloquentia
529 2577 658 2641 aequaret.
703 2569 842 2641 Utrimque
864 2570 955 2641 agitur
976 2568 1113 2643 epistolis,
1136 2575 1163 2622 et
1186 2585 1235 2640 per
1257 2576 1368 2622 nostros
1383 2566 1503 2639 quidem,
1527 2565 1638 2637 nequis

354 2669 467 2726 prorsus
497 2654 675 2726 respondeat:
704 2671 766 2709 nam
795 2654 933 2727 indiguum
961 2671 1022 2709 esse
1052 2653 1217 2726 respondere
1245 2653 1279 2707 ad
1306 2670 1336 2707 ea
1365 2669 1426 2725 quae
1454 2651 1555 2706 nemini
1583 2666 1638 2704 nun

351 2747 520 2811 compertum
543 2748 584 2793 est
614 2747 714 2812 praeter
742 2756 846 2794 merum
873 2740 980 2811 quidem
1008 2747 1189 2794 cmumeutum
1218 2736 1284 2792 nihii
1313 2754 1388 2798 csse:
1417 2735 1518 2809 alioqui
1540 2735 1640 2790 Lutbe·

354 2841 412 2878 rum
435 2824 523 2896 ipsum
546 2823 586 2879 vel
609 2822 840 2879 bieiancbtbuuem
863 2824 1035 2898 respondisse
1059 2824 1206 2885 otimian1;
1229 2822 1328 2878 nullam
1344 2839 1406 2877 esse
1421 2820 1560 2877 meliorem
1575 2837 1639 2876 con·

319 2907 488 2964 catusionem
511 2925 591 2981 quam
614 2909 635 2962 si
660 2926 712 2964 uon
736 2909 858 2964 irritatus
882 2909 996 2982 ipsemet
1019 2909 1147 2982 proteres
1170 2908 1231 2980 uuis
1259 2924 1348 2963 esses:
1379 2907 1404 2962 id
1433 2906 1505 2980 quod
1533 2914 1560 2961 ct
1588 2922 1639 2979 pro

353 2993 469 3048 candore
493 3002 540 3048 tuo
564 2992 680 3049 faciebas
701 2993 848 3065 diiigenter
871 3003 899 3048 ιιι
924 3011 1048 3068 utroque:
1079 2992 1216 3048 scribebas
1244 3001 1271 3048 et
1300 3000 1328 3047 tu
1351 2992 1442 3048 amicis
1465 2990 1640 3063 argentorati

353 3087 380 3132 et
408 3077 471 3132 alibi
501 3078 593 3133 nescio
622 3079 683 3152 quid
708 3079 834 3152 anonymi
857 3077 940 3133 libeiii
964 3079 1054 3152 parari
1077 3077 1132 3133 ibic
1155 3079 1181 3133 in
1207 3085 1246 3137 te.
1276 3076 1361 3132 etati
1384 3076 1465 3132 isthic
1487 3084 1639 3131 monstrum

354 3164 426 3235 (prod
450 3180 504 3218 uon
527 3163 638 3219 auderet
662 3164 687 3217 iu
710 3163 846 3237 pubiicum
869 3164 1032 3237 procedere:
1062 3180 1222 3237 quamquam
1246 3164 1297 3217 boe
1318 3170 1392 3218 certe
1414 3178 1469 3217 uon
1492 3169 1564 3222 erat,
1589 3161 1639 3215 nisi

354 3250 425 3303 barte
448 3248 601 3304 somniabas
624 3249 745 3304 futurum
767 3248 880 3308 malum:
904 3266 964 3304 nam
988 3250 1033 3322 qui
1057 3249 1136 3304 istbic
1152 3257 1231 3309 sunt,
1254 3255 1301 3303 ant
1317 3246 1384 3303 tales
1399 3256 1463 3303 sunt
1479 3247 1525 3320 qui
1540 3246 1641 3302 audent

320 3334 382 3387 eoin
407 3333 499 3389 faeiem
523 3333 601 3389 fateri
624 3334 696 3407 quod
719 3342 817 3407 agunt,
841 3341 886 3388 aut
910 3333 975 3388 nibil
999 3342 1108 3390 struunt
1130 3334 1157 3388 in
1180 3350 1341 3407 quemquam
1363 3331 1585 3389 clanculariarum
1601 3332 1641 3388 in·

353 3418 490 3473 Ιιιιιιίιιιιιιι.

419 3502 473 3557 Sub
496 3503 552 3558 baec
568 3521 676 3559 rursum
692 3505 769 3559 venie
786 3503 922 3559 basileam.
961 3503 1016 3559 illic.
1038 3504 1117 3560 audio
1140 3503 1173 3558 ab
1195 3504 1281 3559 amico
1303 3503 1420 3577 quodam
1441 3503 1542 3559 dixisse
1565 3510 1591 3558 te
1614 3502 1640 3557 in

355 3589 411 3644 buc
441 3587 534 3650 verba,
562 3596 590 3643 et
618 3588 734 3645 libenter
762 3590 856 3650 credo.
886 3606 946 3644 nam
974 3597 1147 3662 perspectum
1175 3597 1217 3644 est
1245 3589 1309 3644 mibi
1340 3589 1476 3661 ingenium
1499 3586 1642 3661 versipeile

355 3673 422 3734 boc,
455 3674 500 3734 „Si
524 3673 599 3746 qius,
629 3674 733 3747 inquis,
763 3673 954 3747 respondebit,
984 3674 1054 3729 (ttbo
1078 3675 1129 3730 boc
1152 3674 1260 3735 faciet'';
1289 3682 1317 3730 et
1345 3674 1437 3730 nescio
1465 3673 1536 3747 quod
1560 3673 1641 3728 ctiam
1684 3745 1687 3750 Ι

320 3768 473 3813 asseoumm
507 3758 606 3813 iaciens
635 3759 660 3812 iu
690 3777 738 3814 eos
768 3758 865 3833 quibus
894 3776 949 3814 nou
978 3767 1051 3814 tanta
1079 3760 1161 3814 animi
1183 3758 1278 3815 levitas
1300 3767 1342 3815 est
1365 3777 1444 3833 quam
1468 3758 1524 3814 tibi.
1569 3758 1642 3831 qumi

355 3852 442 3898 bruma
466 3844 520 3898 sive
542 3851 584 3899 cst
608 3843 647 3899 rei
670 3860 725 3899 nou
747 3852 803 3905 est,
826 3842 894 3899 nibil
918 3861 1082 3918 magnopere
1105 3844 1209 3900 labore.
1254 3843 1286 3900 ιιι
1308 3853 1396 3901 tamen
1412 3861 1473 3900 cum
1489 3844 1569 3899 tacite
1585 3852 1641 3898 tum

355 3928 547 4001 prophetares,
577 3946 629 4001 ego
658 3944 691 3984 ne
720 3929 805 3985 adbuc
835 3928 942 4003 quidem
964 3928 1091 3985 merebar
1112 3930 1144 3985 ad
1168 3929 1393 4005 respondendum.
1439 3929 1555 3985 Tandem
1578 3946 1642 4002 pru·

355 4013 415 4086 prio
439 4013 553 4086 quodam
577 4012 719 4076 instinctu,
742 4015 806 4070 ιιιιιιι
830 4023 930 4069 tantam
953 4014 1033 4070 audio
1054 4015 1088 4070 ab
1103 4014 1196 4070 amicis
1212 4013 1349 4089 quereiam
1363 4014 1397 4072 de
1412 4023 1453 4075 te,
1476 4013 1540 4087 lego
1556 4014 1642 4087 Spion-

354 4098 441 4171 giam,
464 4106 495 4151 ιιι
517 4098 696 4172 expenderem
720 4107 808 4155 tamen
831 4099 895 4173 quid
918 4099 969 4155 boo
992 4107 1072 4155 esset.
1118 4100 1181 4172 iege
1196 4100 1347 4156 orationem
1363 4117 1484 4159 suavem,
1508 4098 1642 4159 blandam,

318 4183 487 4238 aoeruditam
509 4192 537 4238 ct
559 4183 725 4255 eiegautem,
754 4184 799 4239 sed
829 4184 935 4257 plenam
964 4202 1067 4240 venenu
1090 4185 1249 4245 mortifero:
1278 4192 1305 4240 et
1328 4202 1388 4260 quae
1411 4184 1482 4240 baud
1504 4182 1584 4239 dubie
1606 4183 1643 4237 si·

354 4267 417 4323 mile
441 4285 550 4341 qrrrrque
571 4278 667 4340 pectus
690 4269 839 4331 rescrebat,
862 4286 958 4342 nempe
982 4269 1159 4330 virulentum.
1182 4287 1321 4343 asperum,
1350 4286 1497 4340 arrogans,
1521 4267 1643 4324 desulto-

354 4353 423 4408 rium
446 4362 472 4408 et
496 4353 712 4424 sanguinarium:
740 4353 827 4427 «pratis
850 4354 920 4409 eninr
944 4355 996 4415 ιιι,
1027 4353 1088 4410 talis
1110 4364 1138 4410 et
1161 4356 1265 4410 oratio:
1294 4353 1358 4428 lego
1388 4354 1468 4410 etiam
1492 4371 1571 4427 quarn
1594 4354 1644 4408 im·

354 4438 397 4511 pic
421 4438 595 4493 rhetoricaris
617 4446 645 4493 et
667 4438 779 4495 ridicule
800 4439 833 4494 dc
856 4438 920 4501 bde,
944 4439 977 4494 de
1000 4440 1143 4514 seripturis
1165 4441 1254 4514 deque
1276 4440 1413 4514 mysteriis
1434 4447 1462 4494 et
1482 4439 1567 4494 sacris
1583 4455 1643 4513 quae

354 4522 434 4578 inertie
457 4524 542 4596 prium
565 4522 710 4584 babemus.
741 4524 832 4579 nescio
862 4542 941 4597 quem
969 4525 1111 4580 maximum
1131 4515 1171 4581 'ac
1199 4542 1332 4581 summum
1355 4523 1434 4580 nobis
1455 4522 1643 4597 pontificatum

320 4616 493 4664 umanum.
517 4625 547 4662 cx
564 4608 640 4662 errius
657 4609 747 4669 scitis,
771 4609 887 4665 decretis
903 4618 931 4664 et
953 4610 1121 4684 praescriptis
1145 4610 1284 4666 vivendum
1307 4609 1385 4665 nubis
1407 4617 1462 4670 est,
1486 4626 1565 4682 quam
1589 4625 1642 4665 non

354 4693 425 4748 bunc
446 4692 590 4748 debeamus
613 4701 801 4756 contemnere,
827 4703 879 4750 tam
902 4703 1057 4750 reverenter
1079 4705 1107 4750 et
1128 4694 1262 4768 gloriose,
1286 4704 1316 4750 ut
1332 4693 1412 4750 talem
1428 4702 1455 4750 et
1470 4693 1579 4748 illorum
1595 4694 1644 4749 bo·

354 4778 455 4833 minum
483 4794 635 4851 praeconem
664 4778 784 4834 decebat.
829 4779 888 4835 Mon
916 4779 1048 4842 animum,
1077 4780 1123 4855 qui
1151 4780 1228 4854 prius
1256 4780 1392 4837 deciderat
1420 4780 1447 4834 in
1476 4778 1571 4853 pedes,
1601 4796 1644 4835 re·

421 4961 431 4992 ²
450 4965 541 5022 negot.
563 4964 588 5010 3.
602 4969 628 5009 ut
646 4962 711 5027 obiq.
783 4961 802 4993 ¹⁶
820 4960 872 5027 hm]
894 4978 933 5011 eae
954 4966 978 5011 3.
1050 4961 1120 5028 quae]
1140 4964 1210 5027 qrrod
1230 4967 1253 5013 1.
1269 4966 1293 5011 3.
1314 4962 1419 5027 geritur
1438 4965 1462 5012 1.
1480 4963 1569 5012 sedin
1588 4978 1641 5013 err.

354 5064 422 5096 corr.
476 5044 679 5108 ΠΛιιιιιοιιιιιιιι
699 5048 723 5095 3.
776 5042 828 5079 ¹⁷³⁹
847 5047 911 5097 istie
931 5049 956 5097 3.
1009 5046 1102 5098 ”bec
1121 5050 1179 5098 1.2.
1232 5047 1339 5099 uOtto
1359 5050 1384 5097 3.
1432 5047 1564 5099 ⁴⁰‹laabbe
1583 5051 1641 5099 1.2.
