3934 6034
386 658 458 729 3l2
558 672 755 722 tctfxxxttl.
777 687 895 722 srouurs
909 687 1011 720 nassau
1026 687 1168 721 urrvunsvs
1182 687 1354 721 aususausus
1369 688 1501 723 rtrrrasr.

386 847 425 904 Et
438 852 536 905 tamen
550 845 608 903 berc
623 846 660 903 de
680 863 714 902 re
733 847 783 903 air
802 845 894 903 tribus
913 845 1006 903 rrerbis
1022 848 1208 919 expostulavi
1220 861 1340 913 corum:
1361 852 1449 919 alque
1463 848 1489 905 is
1502 848 1566 904 risu
1584 861 1673 904 aere-

385 949 482 1007 eundo
502 950 642 1019 confitens
658 946 790 1020 sactum,
819 948 974 1021 respondit
993 950 1221 1007 secretariorum
1247 950 1366 1007 iuciiria
1389 952 1575 1007 commissum
1600 966 1673 1007 esse.

388 1051 447 1110 Nec
465 1059 532 1124 post
552 1051 643 1107 tullium
668 1050 777 1107 addidi
794 1050 924 1119 uerbum,
955 1050 1040 1108 borna
1059 1052 1198 1117 incinitis,
1227 1051 1283 1109 troc
1304 1053 1398 1126 ipsum
1420 1053 1507 1109 etiam
1528 1052 1673 1110 dissimu-

319 1165 384 1218 §.ssu
397 1156 463 1212 laris
481 1153 561 1226 arcad
588 1153 625 1209 de
650 1153 714 1225 ipsa
739 1155 919 1227 suspicarer.
971 1153 1087 1213 Accidit
1115 1152 1153 1210 ab
1183 1154 1284 1211 eodem
1315 1161 1384 1228 pasl
1410 1155 1554 1227 quiddam
1583 1156 1674 1212 mielto

387 1257 535 1314 inciuilius
557 1271 594 1313 ac
619 1254 692 1312 mibi
712 1257 923 1329 periculosius,
955 1256 993 1315 dc
1009 1272 1066 1329 qiua
1088 1262 1185 1313 laomu
1214 1272 1364 1329 neutiquam
1392 1258 1592 1330 expostulavi,
1618 1272 1693 1316 nect

319 1366 385 1415 §.osu
397 1361 493 1416 minus
516 1359 627 1416 amicas
647 1374 709 1415 esse
727 1359 816 1431 crept,
839 1358 893 1416 sed
912 1360 1028 1416 cautior
1048 1375 1110 1416 esse
1130 1358 1256 1417 decrevi.
1301 1374 1389 1431 ariam
1411 1374 1480 1417 ruera
1499 1375 1556 1417 nan
1578 1362 1675 1419 amice

384 1460 460 1533 fecit
481 1462 532 1533 orci
548 1461 689 1535 decerpta
712 1477 751 1519 ea
773 1461 855 1519 libris
877 1462 948 1518 meis
970 1461 1071 1518 odiosa
1098 1462 1164 1518 loca
1190 1463 1275 1519 uertit
1303 1464 1333 1518 in
1355 1463 1488 1534 linquam
1511 1463 1673 1520 Germani-

387 1579 454 1622 cam
475 1569 504 1621 et
524 1558 693 1635 eardpaait?
722 1569 755 1620 at
771 1578 825 1635 epo
846 1565 899 1621 illa
919 1565 1006 1634 aiulpo
1027 1579 1087 1620 reon
1109 1566 1303 1638 scriprseram,
1326 1581 1419 1638 neque
1441 1565 1569 1623 uolebam
1591 1565 1674 1622 uredo

387 1667 455 1738 lepi.
498 1681 563 1723 crim
582 1665 637 1723 boc
658 1681 770 1738 peremne
786 1667 894 1739 paucis
912 1665 1006 1723 uerbis
1021 1682 1078 1739 per
1096 1667 1246 1739 epistolam
1259 1668 1447 1740 expostulavi
1461 1668 1492 1724 in
1508 1666 1588 1725 barte
1602 1683 1674 1725 sen-

389 1771 523 1838 tentium,
552 1767 651 1825 ‘aridio
671 1768 725 1826 boc
745 1768 797 1825 abs
817 1775 844 1826 le
862 1765 994 1839 sactum,
1019 1767 1159 1839 fortassis
1178 1770 1234 1826 isla
1253 1768 1336 1840 sacis
1357 1771 1453 1827 amico
1479 1770 1593 1838 animo,
1619 1770 1705 1828 sedu

391 1875 454 1942 ‘epo
472 1870 590 1942 paadeo
611 1871 681 1927 eneis
700 1871 825 1928 inimicis
846 1887 904 1927 rum
918 1887 980 1929 esse
996 1877 1109 1928 tantum
1128 1873 1241 1943 iupenii
1253 1872 1296 1928 ad
1310 1868 1499 1929 ludendum.
1544 1872 1604 1931 bac
1616 1888 1675 1930 eu-

321 1978 388 2028 tatt.
396 1974 592 2047 postulatione
606 1978 756 2031 contentus
770 1990 879 2046 passus
894 1989 957 2030 sum
972 1989 1093 2031 manere
1107 1976 1267 2046 pristinam
1282 1976 1450 2032 amicitiam.
1498 1973 1571 2043 Quot
1588 1974 1676 2032 buius

387 2076 506 2148 pencris
525 2073 647 2145 stabulas
674 2091 901 2133 commemorare
925 2071 1063 2149 possem?
1090 2092 1144 2134 nec
1172 2077 1226 2133 ulli
1251 2084 1346 2134 tanna
1375 2076 1476 2135 adbuc
1500 2079 1677 2135 renunciant

390 2179 565 2248 amicitiam,
598 2194 652 2251 epo
680 2180 728 2236 itte
757 2180 883 2238 incivilis
910 2185 938 2236 et
965 2178 1152 2236 tribumanus.
1197 2178 1303 2252 qtladsi
1325 2181 1480 2252 quisquam
1507 2178 1678 2238 huiusmodi

387 2280 504 2352 suctum
521 2282 611 2338 talliam
629 2281 702 2338 mibi
719 2297 786 2339 urere
795 2284 889 2355 possit
910 2283 1088 2355 implodere,
1108 2279 1227 2351 fatebor
1242 2282 1340 2337 omnia
1355 2296 1417 2338 esse
1438 2296 1509 2338 uera
1531 2297 1599 2353 quta
1616 2298 1674 2340 ca·
1685 2295 1706 2335 u·

322 2385 563 2441 susslnnnmun
579 2383 732 2441 Hutteuus.
778 2381 920 2453 Proserm
943 2385 1035 2455 ipitur
1061 2384 1126 2440 illos
1152 2384 1261 2440 amicas
1286 2385 1338 2456 qai
1359 2383 1498 2441 obtestata
1521 2383 1584 2454 fide
1604 2384 1678 2443 mibi

385 2484 547 2558 perfidiam
570 2486 722 2560 obiiciunt,
750 2492 778 2542 el
800 2484 896 2555 facile
923 2487 982 2543 illis
1006 2500 1037 2541 os
1057 2484 1205 2543 obturabo.
1254 2483 1364 2553 Qitodsi
1381 2486 1454 2543 mibi
1474 2488 1675 2559 permitterem

390 2589 506 2660 occiduis
529 2588 565 2644 de
586 2587 715 2646 liutteno
735 2588 896 2661 suspicari,
920 2587 1165 2660 quemadmodum
1184 2587 1240 2644 sibi
1255 2588 1400 2661 permittit
1420 2589 1535 2661 quiduis
1555 2591 1627 2647 ericii
1639 2590 1677 2648 ele

390 2705 436 2748 rue
451 2692 643 2762 confirmare,
666 2691 838 2764 suspicarer
860 2690 939 2747 illius
959 2706 1022 2747 esse
1043 2697 1248 2756 commentam,
1270 2691 1380 2761 aliattes
1399 2691 1442 2746 ait
1463 2690 1601 2760 ‘britann
1624 2692 1675 2751 ali-

323 2799 392 2850 tam.
407 2789 501 2863 sunl,
525 2793 637 2850 ‘audiui
657 2794 687 2849 iu
714 2788 837 2859 Gallia’,·
864 2793 935 2864 quin
956 2791 1043 2849 addit
1065 2787 1245 2850 ‘somniauit
1271 2788 1385 2849 Tribuit
1402 2792 1475 2849 milri
1491 2795 1599 2865 plorioe
1618 2792 1710 2865 [ιι-ω

392 2910 504 2968 maniae
531 2896 606 2952 sitim
635 2894 849 2969 inexplebilem.
894 2894 935 2951 Id
960 2896 988 2952 si
1010 2910 1109 2952 iterum
1131 2901 1217 2965 esset,
1242 2896 1302 2952 iam
1325 2894 1393 2952 otim
1420 2911 1465 2952 me
1490 2895 1676 2955 addixissem

392 2998 535 3055 ormana
562 2999 671 3055 clerice:
699 2996 879 3069 offerebatur
906 2999 1009 3070 iupens
1029 2998 1135 3069 ploriee
1159 3014 1250 3070 sepes.
1293 2995 1513 3054 admiscuisscm
1530 3012 1577 3055 me
1597 3002 1678 3058 aulea

395 3100 553 3171 Caesareae,
580 3115 637 3173 quo
659 3116 715 3156 uon
737 3101 826 3157 serrrel
844 3106 962 3156 uocatus
980 3114 1061 3156 sum:
1090 3102 1267 3174 accepissem
1285 3097 1426 3170 fortunas
1454 3115 1491 3157 ac
1519 3100 1678 3173 dipnitates

392 3218 459 3277 niem
481 3200 700 3274 offerebantur·,·
730 3202 901 3273 dclepissem
924 3209 1100 3273 nranimento
1123 3203 1282 3274 rrrapnifiea
1310 3218 1347 3260 ac
1369 3201 1554 3275 plausibilia.
1598 3221 1679 3263 nuuc

393 3307 537 3363 recusatis
553 3306 748 3379 pertinaciter
769 3303 814 3360 itis
836 3320 902 3376 pua
921 3305 1064 3375 pluriosos
1083 3301 1216 3373 sariunt,
1238 3306 1396 3376 inplarium
1418 3306 1512 3363 ocium
1527 3306 1712 3367 mordicusrs

324 3418 390 3467 §.aa
403 3416 498 3479 teneo,
519 3414 547 3464 et
567 3410 596 3464 in
621 3406 666 3463 bis
682 3422 782 3463 uersor
797 3407 977 3477 arpienrentis
992 3421 1059 3478 atreo
1074 3407 1222 3463 minimum
1237 3406 1345 3464 babent
1361 3410 1568 3466 ostentationis.
1601 3409 1679 3468 Nam

393 3511 550 3580 Hutteuus,
573 3510 692 3583 aprinae,
715 3523 808 3565 meram
832 3509 963 3565 antinum
984 3525 1024 3566 es·
1045 3525 1098 3566 sno
1118 3510 1251 3580 metiens,
1274 3524 1331 3566 non
1352 3509 1454 3568 credet
1469 3486 1619 3571 deieranti
1634 3529 1680 3572 me

387 3613 568 3688 perlibenter
583 3612 638 3669 lum
659 3611 800 3683 ataicquid
821 3610 914 3667 babeo
933 3610 1030 3681 samer
1046 3611 1259 3685 depositurum,
1281 3613 1309 3668 si
1328 3613 1437 3683 liceret,
1460 3614 1540 3686 quod
1559 3616 1588 3673 si
1600 3618 1679 3674 scis-

394 3732 452 3774 sem
483 3716 551 3772 olim
578 3719 718 3787 ancoratum
747 3728 819 3769 onies
847 3714 884 3770 sit
906 3711 1009 3784 sama,
1039 3720 1176 3785 sequanus
1203 3710 1326 3782 fuissem
1348 3715 1425 3772 illud
1443 3715 1571 3789 Epicuri
1591 3706 1678 3777 λα’θε

325 3838 392 3887 §.aaa
404 3806 537 3895 βιώσας.
582 3815 651 3873 ‘Sed
675 3817 752 3874 iacto
774 3817 945 3890 principum
969 3815 1013 3872 ad
1033 3831 1078 3873 me
1098 3818 1212 3886 literas,
1237 3819 1412 3874 etaliorum
1435 3818 1563 3878 (lemeis
1586 3823 1712 3880 lucu-u

392 3920 573 3979 bratiouibus
588 3915 836 3994 pradicationes'.
880 3936 920 3976 ex
941 3935 976 3977 eo
992 3919 1175 3993 pronunciat
1196 3934 1241 3976 me
1257 3936 1318 3978 esse
1331 3921 1534 3993 vanissimum,
1557 3922 1614 3982 boc
1627 3931 1678 3996 est,

393 4023 608 4093 inanissimum,
638 4037 707 4078 nam
736 4021 769 4079 id
794 4023 928 4097 suspicor
955 4023 1037 4079 illum
1065 4023 1182 4079 scantiae.
1226 4021 1292 4080 Imo
1318 4024 1368 4079 cix
1383 4021 1512 4097 profero
1533 4024 1679 4084 mamam

459 4242 469 4272 ⁵
493 4243 527 4291 de
552 4258 603 4307 quo
621 4239 680 4307 etc]
705 4241 800 4292 Scelus
824 4243 918 4306 itaqua
943 4242 1018 4291 aliud
1042 4242 1082 4291 ait
1101 4258 1182 4307 quam
1201 4242 1271 4306 quod
1289 4257 1345 4306 seq.
1367 4248 1490 4292 enarrat:
1510 4260 1572 4294 uam
1592 4246 1626 4296 de
1646 4264 1678 4297 eo

394 4330 654 4396 expostulationem,
679 4333 708 4375 ut
727 4328 899 4376 Atticismum
924 4328 1125 4377 admirarentur
1148 4327 1280 4389 lectores,
1305 4328 1407 4377 littaris
1430 4330 1585 4392 mandavit3
1611 4332 1679 4383 illud

393 4415 533 4464 incivilius
553 4430 587 4463 ao
605 4411 786 4478 periculosius
806 4411 906 4461 callide
926 4414 1006 4478 tegit.
1054 4413 1064 4443 ⁷
1084 4415 1129 4476 qui
1148 4413 1208 4462 deu.
1233 4411 1291 4477 eta]
1316 4414 1384 4463 Ram
1403 4421 1499 4464 narrat
1516 4416 1583 4465 mihi
1603 4424 1679 4468 certe

393 4517 446 4551 noa
464 4507 557 4549 notam
583 4506 621 4556 et,
647 4503 676 4547 ut
699 4498 819 4558 vidntur,
846 4497 897 4547 soli
917 4499 1031 4547 Erasrno
1055 4497 1216 4546 rusticuloso
1239 4498 1409 4548 horrendam.
1469 4499 1489 4531 ¹⁵
1507 4502 1544 4551 cf.
1564 4503 1678 4569 Expost.

393 4591 416 4649 ξ.
432 4585 488 4635 111.
503 4603 542 4650 sq.
558 4584 614 4633 120.
668 4583 689 4615 ¹²⁵
709 4582 748 4632 illi
769 4586 791 4630 1.
805 4600 861 4650 sqq.
881 4584 947 4632 milri
966 4586 1034 4633 oreris.
1051 4584 1144 4648 Lqu.
1192 4582 1213 4613 ¹⁹
1232 4584 1379 4648 llxpost.§.
1394 4583 1435 4634 89.
1487 4583 1509 4617 ²⁰
1527 4587 1627 4655 samm]
1651 4590 1679 4639 si

392 4679 454 4738 post
474 4672 651 4737 conrpositum
670 4670 818 4735 Spongiam
837 4670 951 4718 vixisset
970 4670 1124 4729 lluttouus,
1153 4670 1294 4717 lbraamum
1314 4686 1362 4733 pro
1383 4671 1497 4720 somniis
1518 4674 1679 4725 testimonia

393 4758 499 4817 Rtrzeni,
519 4757 615 4806 Builmi
635 4755 803 4818 aliorumque.
823 4760 998 4817 accepturum
1019 4754 1103 4802 fuisse
1123 4753 1232 4802 (lisbium
1252 4753 1317 4802 mihi
1338 4771 1390 4804 non
1410 4761 1461 4804 est.
1517 4755 1541 4789 ²⁰
1558 4759 1678 4827 Tribait]

392 4845 504 4908 Expost.
518 4846 540 4902 §.
554 4842 595 4892 34.
610 4847 638 4891 ut
656 4841 767 4905 prassini.
794 4840 868 4888 Idem
887 4840 956 4888 sarit
977 4840 1095 4888 nruxima
1113 4844 1282 4903 posterorum
1300 4856 1377 4904 pars,
1398 4842 1520 4892 Brasme.
1568 4842 1591 4876 ²⁸
1610 4847 1680 4910 quod

391 4930 414 4978 si
432 4926 490 4993 eto]
511 4928 569 4976 Non
588 4944 630 4975 inu
650 4926 778 4975 cirritineo
797 4925 861 4990 quin
881 4941 913 4973 ax
930 4925 1025 4973 Plauti
1044 4923 1169 4974 Glorioso
1187 4925 1407 4989 Pyrgopolinicis
1432 4927 1498 4978 illud
1523 4930 1680 4982 adscribam

392 5016 518 5064 ‘Nimiast
536 5014 647 5061 miseria
670 5012 751 5060 nimia
775 5010 914 5075 pulahrum
934 5025 995 5059 esse
1013 5009 1166 5059 hominem'.
1224 5009 1245 5040 ²⁹
1263 5003 1338 5060 tibi
1356 5009 1393 5076 ti]
1423 5011 1544 5064 latenter
1567 5016 1678 5067 rixaris.
