3934 6034
528 701 724 752 CCCXXXIII.
745 718 865 753 onoootn
878 718 979 755 onesta
993 720 1135 756 nnvoosvs
1148 720 1320 757 esesoosnoo
1334 722 1465 773 norunt.
1563 693 1636 766 283

358 877 455 934 bonon
484 884 528 934 est
551 893 605 934 aec
626 876 838 950 improbatum,-
864 878 918 936 boc
940 884 1051 936 loretum
1070 879 1208 952 probaui,
1234 881 1313 953 qood
1328 882 1440 940 omissis
1461 883 1638 942 clamoribus

354 979 479 1052 furiosis
496 980 683 1053 disputarent
701 995 738 1037 oc
759 980 906 1037 docerent.
949 982 983 1037 id
994 980 1139 1039 liutternrs
1155 984 1197 1039 sic
1218 984 1429 1056 interpretatur
1449 987 1536 1056 quasi
1551 987 1637 1058 quic-

357 1083 430 1157 quid
454 1084 485 1140 in
513 1082 691 1155 disputando
725 1083 769 1140 illi
794 1082 972 1152 definierunt
997 1084 1139 1142 odrcrsns
1166 1083 1338 1156 Latinorum,
1366 1087 1569 1159 approbarim.
1611 1095 1640 1146 et

355 1188 440 1259 prins
459 1184 573 1257 solsmn
592 1192 792 1258 assumpserat
808 1199 853 1241 me
868 1200 1046 1258 moqnopere
1060 1186 1203 1259 probasse
1223 1189 1364 1262 quicquid
1379 1191 1425 1247 illi
1441 1191 1470 1246 in
1486 1192 1547 1247 sois
1565 1207 1637 1250 een-

334 1291 435 1348 ssoris
456 1290 645 1346 damnarant.
691 1287 800 1344 Eomos
821 1302 899 1344 rrttnc
915 1303 952 1344 ac
973 1304 1110 1359 oeqerrios
1125 1288 1251 1347 liutteno
1271 1306 1332 1348 esse
1354 1292 1501 1362 inqenium
1521 1292 1564 1351 ad
1580 1293 1636 1351 de-

356 1393 544 1466 pravandum
562 1391 720 1448 benedicto.
764 1388 864 1446 Simile
880 1389 1022 1461 quiddam
1040 1390 1144 1462 adseri
1160 1391 1196 1447 tie
1215 1392 1320 1450 ordine
1334 1394 1576 1466 predicatorum,
1596 1396 1625 1452 in
1638 1400 1704 1450 §.tin

357 1511 440 1568 qoem
460 1510 525 1551 cam
545 1496 631 1566 prius
648 1490 760 1562 fecerim
778 1491 874 1549 bostiii
894 1493 1007 1561 animo,
1030 1509 1108 1550 nnnc
1121 1492 1307 1565 persuadere
1324 1510 1413 1553 coner
1427 1512 1576 1571 rettaqoam
1593 1513 1638 1555 me

358 1598 434 1654 mole
455 1598 577 1653 coletisse
597 1596 642 1652 ilii
661 1595 805 1652 sodalitio.
849 1592 1006 1666 Nunquam
1028 1596 1071 1652 sic
1093 1596 1233 1665 insaniei,
1255 1602 1287 1653 ut
1306 1597 1360 1654 ulli
1374 1598 1476 1656 ordini
1489 1601 1567 1656 mate
1584 1614 1637 1657 oo-

358 1700 478 1769 inerim,
501 1699 534 1755 id
551 1697 630 1770 qood
650 1696 754 1769 ubique
769 1697 905 1766 testificor
926 1695 1020 1754 irerbis
1037 1702 1065 1752 et
1083 1713 1117 1753 re
1132 1704 1258 1769 presto:
1279 1700 1307 1755 si
1326 1699 1392 1757 ideo
1409 1699 1463 1771 fas
1483 1706 1526 1758 est
1543 1700 1638 1759 odisse

326 1821 348 1860 to
358 1818 455 1860 omnes
468 1802 696 1875 predicatores,
717 1798 796 1872 qood
809 1799 834 1855 is
847 1798 921 1855 ordo
935 1800 1039 1856 multos
1052 1798 1159 1855 babeat
1171 1802 1278 1871 malos,
1300 1815 1398 1859 omines
1410 1803 1530 1860 ordines
1546 1819 1638 1876 opor-

358 1911 396 1962 tet
417 1904 525 1972 odisse,
547 1916 634 1975 quum
657 1901 755 1958 ntdlos
774 1902 813 1957 sit
831 1902 882 1973 qui
898 1917 955 1958 aon
977 1899 1086 1958 babeat
1100 1902 1265 1974 complures
1279 1904 1388 1970 malos:
1407 1905 1533 1978 deniqne
1547 1904 1637 1962 Cirri-

357 2008 467 2063 stianos
481 2020 579 2062 omnes
600 2002 741 2076 oportebit
758 2002 868 2066 odisse,
891 2002 971 2074 qood
989 2004 1091 2076 piures
1111 2005 1170 2060 siat
1190 2005 1267 2061 inter
1292 2004 1343 2064 bris
1364 2009 1437 2065 arati
1456 2023 1543 2080 qoam
1562 2008 1637 2065 boni.

358 2107 439 2165 Nibil
456 2115 500 2165 est
520 2108 611 2179 iqitor
632 2105 680 2163 iiic.
698 2106 916 2175 inconstantie,
944 2105 999 2162 sed
1017 2106 1097 2177 qood
1111 2113 1256 2179 perpetuo
1276 2110 1368 2179 sensi,
1394 2109 1428 2166 id
1452 2111 1570 2183 scriptis
1589 2116 1703 2168 aci-1²⁶.

355 2208 448 2280 ficetis
469 2209 597 2266 declaro.
645 2204 745 2264 Utrum
774 2213 870 2265 autem
895 2210 938 2264 est
962 2206 1119 2264 beinroaius
1139 2208 1273 2267 ordinem
1294 2216 1382 2268 totum
1402 2211 1497 2270 odisse
1514 2218 1638 2286 propter

325 2314 450 2370 tsmolos
475 2311 636 2380 admistos,
666 2326 706 2366 an
731 2309 832 2366 ordini
853 2307 960 2380 foetere
981 2316 1108 2383 propter
1134 2310 1221 2368 bonos
1245 2308 1414 2370 admistos?
1444 2313 1541 2372 Habet
1564 2316 1638 2374 ordo

353 2414 588 2489 predicatorum
617 2414 727 2486 (eliquat
751 2414 803 2484 qm'
828 2417 857 2468 el
878 2410 1003 2468 Erasmo
1030 2410 1101 2470 bene
1126 2414 1215 2470 velient
1234 2428 1271 2470 ac
1290 2413 1371 2472 bonis
1391 2416 1484 2474 literis
1503 2418 1591 2475 simoi
1610 2422 1639 2475 el

356 2517 524 2588 eoanqelico
543 2517 662 2587 neqocio
680 2512 813 2585 faueant.
857 2513 915 2570 nisi
939 2512 1071 2571 omnibus
1092 2509 1195 2571 amicis
1212 2531 1328 2591 semper
1350 2523 1436 2575 atrior
1453 2516 1506 2589 soi
1526 2535 1562 2577 ne
1579 2520 1636 2577 ie-

357 2620 461 2681 derent
479 2618 611 2675 ordinem
627 2619 732 2685 allieno,
754 2632 792 2673 ae
803 2623 918 2687 qeneem
934 2617 1038 2686 illlam,
1060 2617 1172 2673 evincet
1191 2616 1332 2676 Hntlenos
1345 2633 1390 2678 me
1403 2620 1433 2677 in
1448 2627 1535 2680 tolum
1545 2637 1635 2696 pre—

357 2722 531 2779 dicatorinm
547 2720 678 2777 ordinem
693 2717 790 2775 bestiti
799 2716 895 2788 fnisse
909 2719 1016 2775 auimo.
1060 2716 1189 2775 Similem
1204 2719 1429 2780 inconstantiam
1443 2722 1541 2782 obiicit
1552 2739 1626 2797 erqo
1637 2730 1703 2781 §.¹²1

322 2824 472 2882 rosteriam
488 2820 667 2890 Romanam,
690 2821 727 2877 de
748 2835 806 2892 qno
829 2834 917 2891 qiium
932 2825 1000 2876 ante
1019 2824 1079 2875 tom
1100 2822 1239 2878 atrociter
1258 2823 1393 2895 loquutus
1409 2825 1462 2882 sim
1482 2842 1570 2899 quom
1592 2841 1637 2885 me

357 2925 501 2982 Halterors
515 2925 631 2982 inimice
646 2925 807 2995 loquentem
818 2919 926 2992 facere
936 2922 1044 2993 potuit,
1060 2936 1140 2979 mirac
1153 2923 1235 2980 miris
1248 2925 1387 2983 laudibus
1405 2929 1488 2985 illam
1501 2926 1637 2999 efferam.

357 3023 460 3085 ‘Nune’
484 3028 577 3099 inquil
604 3029 716 3082 ‘saneta
744 3030 787 3082 est
812 3025 865 3081 illa
891 3029 920 3080 ct
936 3021 1081 3082 cotboiica
1101 3025 1241 3092 ecclesia,
1267 3025 1315 3083 obi
1339 3028 1471 3086 candore
1490 3030 1553 3087 lilia
1570 3031 1636 3086 erin-

357 3135 436 3188 ‘cunt
456 3129 598 3198 immines,
621 3127 671 3185 ubi
687 3126 828 3200 quicquid
842 3124 1069 3198 improbissimus
1090 3125 1211 3197 quisque
1232 3130 1400 3187 cortisanos
1414 3132 1551 3204 loquitor,
1569 3148 1638 3190 rosa

358 3230 426 3290 ‘esi
472 3230 545 3288 Her
574 3229 646 3302 quid
674 3228 760 3284 aliod
789 3229 946 3286 declarant
969 3241 1058 3299 qoam
1086 3227 1230 3299 iasiqaem
1258 3231 1467 3305 impudentiam
1496 3230 1638 3294 Halteni?

322 3354 347 3392 es
368 3336 441 3392 i'itia
458 3332 685 3391 Romanensium
700 3332 765 3403 qais
787 3343 915 3401 trrrqoam
934 3324 1095 3401 probavit?
1115 3331 1267 3388 ecelesiam
1290 3341 1387 3390 autem
1408 3338 1473 3407 qois
1493 3332 1638 3397 damnat?

359 3436 469 3510 tipinor
487 3443 515 3494 et
535 3437 597 3494 illic
618 3450 680 3492 esse
699 3434 751 3505 qui
770 3432 841 3489 benc
862 3432 989 3489 sentiant
1009 3431 1047 3489 dc
1066 3430 1189 3489 Christo.
1237 3432 1305 3501 (nris
1331 3451 1460 3509 unquam
1485 3438 1563 3496 dicit
1583 3455 1636 3498 ro—

356 3555 418 3596 sam
434 3556 496 3596 esse
517 3538 597 3611 qood
616 3535 845 3610 improbissimus
863 3535 985 3606 quisque
1001 3535 1169 3590 cortisanos
1184 3532 1343 3607 loquatur?
1364 3553 1404 3595 an
1419 3554 1477 3597 non
1493 3540 1557 3599 iaec
1571 3550 1639 3599 sunt

357 3642 480 3699 bominis
509 3642 739 3714 intemperanter
765 3635 909 3693 tobaleolis
934 3637 1064 3708 calamo,
1091 3652 1184 3708 neque
1210 3639 1366 3710 quicquam
1396 3640 1527 3699 baberttis
1552 3646 1640 3716 pensi

356 3745 429 3818 quid
447 3746 476 3801 in
500 3758 584 3816 qoem
606 3735 738 3798 scribat?
768 3737 829 3796 Sed
855 3739 993 3810 qnoniam
1018 3736 1073 3795 noc
1097 3738 1209 3796 crimea
1231 3740 1261 3796 io
1283 3756 1367 3797 strom
1397 3744 1492 3801 iocum
1512 3744 1638 3816 differre

321 3848 479 3916 eomaoolt,
505 3862 557 3903 nos
578 3860 690 3917 qnoque
711 3857 763 3900 sao
783 3843 847 3899 loco
866 3839 1114 3914 respondebimus.
1157 3839 1279 3899 interim
1299 3842 1342 3900 od
1363 3843 1561 3917 Aleondrnm,
1589 3846 1625 3904 de
1637 3854 1704 3904 §ms

356 3965 412 4022 qao
433 3954 514 4005 notai
529 3947 753 4005 inconstantiam
776 3958 884 4014 meam,
906 3940 1090 4016 quodquam
1110 3946 1197 4016 prius
1218 3945 1336 4001 inimica
1356 3946 1393 4003 de
1414 3948 1463 4005 ilio
1479 3949 1637 4020 predico-

355 4053 425 4118 rim,
445 4055 511 4123 post
530 4050 688 4119 bonorillce
708 4046 888 4105 meminerim
906 4045 986 4102 illios
1008 4045 1038 4102 iu
1061 4046 1163 4103 literis.
1206 4044 1265 4103 Hic
1283 4047 1412 4119 primum
1432 4049 1509 4106 iilud
1525 4056 1639 4107 constat
1664 4055 1666 4059 ‘

355 4169 401 4210 me
427 4168 577 4225 neterqnom
605 4152 642 4209 de
665 4149 816 4207 Alcandro
843 4149 1039 4220 colloqootom
1064 4163 1131 4205 cam
1152 4146 1297 4206 ilotteno:
1321 4163 1391 4206 nam
1412 4148 1515 4210 Rome
1537 4151 1637 4211 adbuc

354 4262 421 4314 erat
442 4258 504 4313 ille.
527 4269 614 4327 qoam
637 4256 666 4310 ia
690 4250 859 4309 Braboatia
877 4250 1016 4323 proxime
1033 4250 1264 4322 colloqueremur
1279 4265 1334 4322 eqo
1351 4256 1380 4309 et
1396 4250 1559 4320 Halteras·
1580 4271 1636 4313 oe-

320 4372 411 4431 ooqne
433 4360 585 4431 qaisquam
608 4362 666 4413 tum
688 4351 895 4427 suspicabatur
919 4367 984 4409 eom
1008 4360 1159 4408 oeatorum
1182 4352 1324 4411 adsersus
1345 4352 1523 4413 Latinorum:
1545 4350 1563 4387 *
1576 4358 1637 4414 ito-

355 4477 411 4534 qoe
426 4457 567 4533 quicquid
580 4457 628 4515 bic
641 4459 861 4523 commemorat,
883 4471 899 4511 e
912 4452 1079 4510 rumoribus
1092 4461 1311 4522 commemorat,
1327 4455 1431 4527 quibus
1445 4464 1584 4529 quantum
1600 4460 1638 4517 sit

355 4562 540 4619 tribuendum
562 4561 693 4633 quisquis
708 4560 802 4632 sapit,
826 4558 968 4628 inteiiiqil.
1014 4554 1139 4613 Fatebor
1154 4562 1250 4613 tomen
1264 4556 1299 4613 id
1311 4558 1392 4629 qood
1404 4573 1452 4615 res
1465 4565 1516 4617 est.
1551 4559 1624 4619 (iiim
1636 4569 1702 4619 §.oo

353 4681 418 4724 cum
435 4663 585 4721 ,iteorrdro
607 4663 733 4719 l'enetie
752 4658 814 4730 suit
834 4656 908 4714 mibi
928 4671 984 4715 aon
999 4659 1092 4715 sotum
1107 4658 1253 4728 amicitia,
1275 4660 1475 4717 verumetiam
1495 4660 1635 4732 familia-

353 4771 442 4826 ritas:
457 4764 632 4824 admirabar
646 4763 837 4821 eruditionem
852 4760 975 4817 bominis
990 4765 1019 4815 et
1032 4758 1168 4818 abrabam
1183 4760 1349 4831 inpertiam
1370 4762 1458 4819 auxit
1470 4761 1549 4823 bunc
1564 4766 1635 4824 tini-

418 4967 517 5032 ⁶aot.]
538 4970 648 5032 Exposl.
668 4969 691 5023 §-
709 4964 762 5012 117.
818 4957 949 5025 ¹⁹obiic.]
969 4959 1198 5034 Expost.§.118.
1261 4959 1424 5028 ³⁰E1p0st.]
1444 4965 1483 5024 ἕξ.
1507 4962 1561 5015 lto.
1575 4982 1633 5033 sqq.

351 5056 373 5087 ³⁶
386 5071 446 5106 eum
459 5055 500 5104 ΑΙ.
516 5051 592 5118 Yon]
608 5068 637 5124 o.¹
651 5050 721 5102 lobi.
759 5048 802 5097 Cf.
816 5046 924 5098 Erosmi
938 5060 980 5111 op.
996 5045 1031 5095 ed
1043 5046 1165 5098 Ambroo.
1179 5047 1299 5098 Leonem
1313 5047 1456 5097 medicum.
1470 5049 1538 5116 Epp.
1551 5050 1632 5103 X.‘29.
