3934 6034
519 708 716 757 cccxxxln.
738 720 855 755 saonam
870 721 972 755 nansia
986 721 1127 756 novensis
1141 721 1313 755 nsrcaossss
1327 720 1457 756 nussam.
1557 690 1630 760 275

350 886 507 951 antequam
529 897 574 938 me
597 880 713 937 uidisset
732 886 785 936 aeut
806 885 917 936 nosset:
954 877 1009 936 boc
1029 892 1151 935 carmen
1181 893 1245 936 meo
1270 879 1391 936 corintio
1415 880 1526 951 pressit
1546 877 1631 936 bien-

349 983 446 1047 aiam;
480 989 508 1039 el
535 984 649 1040 interim
678 998 722 1039 me
750 981 788 1038 de
814 979 991 1037 liocbstrato
1017 996 1106 1052 queem
1134 981 1314 1038 atrocissime
1346 982 1507 1051 loquentem
1537 978 1631 1051 facit:

348 1083 514 1141 arbitratur
542 1084 596 1142 boc
623 1085 696 1141 artis
722 1099 792 1140 esse.
836 1080 897 1139 Sed
914 1083 1101 1154 prestiterit,
1131 1062 1288 1155 antennam
1311 1081 1354 1139 ad
1373 1087 1483 1139 catera
1504 1084 1699 1140 criminosa.

347 1185 537 1258 proprcdiar,
557 1187 662 1259 paucis
681 1185 841 1242 admonere
860 1186 997 1241 lectorem
1019 1182 1123 1256 antibus
1143 1186 1173 1241 in
1191 1182 1277 1241 rebus
1295 1189 1354 1240 tota
1368 1183 1454 1241 baias
1471 1184 1563 1242 libelli
1575 1187 1631 1243 sila

329 1289 389 1344 ssit
408 1289 582 1360 eloquentia.
619 1286 683 1344 Sita
701 1294 744 1343 est
765 1288 795 1343 in
817 1285 1076 1360 assumptionibus,
1100 1284 1313 1357 afflctionibus,
1334 1287 1631 1358 sermocinationibus,

349 1396 377 1447 et
399 1389 695 1461 exapperationibus:
727 1404 796 1445 nam
816 1389 949 1446 conuicia
968 1390 1079 1461 passim
1102 1390 1234 1461 asperpit
1259 1387 1436 1445 condimenti
1455 1390 1526 1445 eice.
1572 1389 1699 1445 als-ixx

350 1493 539 1564 surreptionem
562 1494 694 1565 appello,
719 1506 786 1548 cam
807 1491 850 1546 ait
869 1492 1000 1563 exempli
1023 1506 1116 1547 causo
1139 1489 1293 1547 ‘Erasmus
1314 1491 1450 1562 impinpil
1471 1489 1634 1549 lleucliliao

350 1595 461 1650 crimea
479 1590 644 1666 pertidia'.
690 1594 719 1649 in
742 1592 787 1648 liis
809 1594 914 1649 miram
940 1608 1029 1664 quam
1055 1592 1131 1649 nibil
1155 1590 1264 1649 bctbeat
1286 1590 1406 1662 frontis.
1450 1592 1547 1651 Nibila
1565 1595 1634 1666 plus

351 1694 437 1752 liabet
456 1697 486 1752 in
507 1694 690 1768 aftinaendis
712 1696 818 1752 cttttst'S.
862 1694 946 1751 Dicet
966 1694 1087 1766 aliquis,
1115 1692 1198 1761 ‘Once
1225 1709 1272 1750 rcs
1297 1695 1448 1751 commouit
1467 1694 1633 1762 Erasmam,

317 1814 341 1852 io
352 1800 394 1854 ‘at
411 1799 463 1869 quii
482 1803 634 1870 tantopere
654 1797 833 1870 praedicarit
851 1795 1061 1865 lieucblinum,
1081 1794 1173 1852 sabito
1187 1801 1315 1853 mutatas
1333 1802 1393 1853 tam
1405 1794 1521 1867 sadum
1537 1802 1633 1854 natam

351 1896 440 1956 ‘illias
462 1901 572 1956 nomini
591 1899 736 1957 studuerit
757 1893 898 1956 inurere?
905 1893 912 1919 '
945 1895 1003 1954 Hic
1024 1896 1144 1969 tiffinpit
1165 1897 1406 1956 inhumanitatem
1435 1904 1464 1956 et
1491 1900 1701 1958 insidiantia.

348 1997 445 2069 saissa
462 2002 491 2057 in
512 2016 619 2071 causa,
641 2000 721 2073 ailad
736 2002 803 2074 pati
822 2000 1001 2072 nequiverim
1022 2000 1163 2072 quostiam
1186 2000 1285 2059 dicere
1298 1999 1492 2058 llereclilinum
1508 2002 1633 2058 alteram

351 2118 414 2159 esse
437 2101 604 2160 Germanice
624 2104 748 2160 oculum.
796 2102 885 2174 Atqui
911 2102 991 2174 quod
1017 2103 1155 2171 assumis,
1183 2107 1236 2159 aut
1259 2118 1316 2176 per
1343 2118 1374 2159 se
1400 2110 1534 2161 constare
1553 2104 1636 2162 debet

352 2211 405 2259 aut
423 2211 488 2262 erat
510 2205 623 2263 idoneis
642 2206 823 2277 ornamentis
842 2203 1047 2277 probandam,
1071 2204 1098 2261 si
1116 2205 1187 2261 uelis
1201 2203 1306 2261 bootem
1318 2212 1466 2277 praestare
1480 2205 1635 2264 electorem.

319 2324 344 2362 is
354 2305 460 2363 deinde
480 2323 573 2365 caiisa
595 2306 678 2365 debet
691 2324 753 2365 esse
767 2308 848 2377 talis,
873 2313 905 2364 ut
919 2304 1115 2379 probabiliter
1133 2313 1277 2380 competat
1290 2308 1320 2364 in
1337 2313 1476 2364 notitiam
1491 2323 1528 2364 ac
1542 2323 1636 2366 mores

353 2406 492 2466 ltotttt'tit‘s:
526 2407 701 2482 [renitenter
722 2416 819 2467 autem
844 2424 889 2465 me
914 2411 1075 2481 loquentem
1099 2406 1179 2479 facit
1205 2425 1262 2466 non
1288 2411 1391 2483 aetalia
1413 2409 1555 2481 dixerim,
1583 2396 1638 2468 sed

353 2512 455 2581 qiralia
478 2512 508 2568 in
530 2527 564 2568 co
584 2513 703 2584 aepocio
725 2511 786 2570 dici
800 2515 957 2585 poteranl,·
988 2510 1077 2583 idque
1094 2507 1174 2580 facit
1195 2526 1253 2569 aon
1274 2527 1417 2582 exilara,
1447 2512 1501 2569 sed
1523 2530 1563 2571 ex
1583 2529 1636 2571 suo

354 2613 511 2671 commodo.
556 2613 596 2671 ld
613 2613 744 2685 sortasse
765 2615 832 2671 licet
852 2618 1029 2670 vetustarum
1057 2627 1157 2668 rernm
1184 2613 1390 2686 scriptoribus,
1419 2614 1509 2671 aelati
1526 2616 1554 2671 si
1571 2616 1704 2687 auissxs.

354 2714 465 2772 scribat
493 2716 582 2772 ailam
608 2716 777 2774 Alexandri
801 2714 925 2786 Macri·
961 2720 1099 2772 caterrim
1127 2716 1156 2771 in
1184 2730 1278 2772 caasa
1304 2717 1426 2787 recenti,
1460 2718 1544 2774 caius
1575 2723 1634 2774 tam

319 2818 439 2873 romalii
460 2823 543 2875 testes
564 2835 626 2876 esse
645 2819 770 2893 possint,
792 2833 849 2875 non
874 2823 916 2874 cst
937 2816 1013 2873 idem
1036 2816 1092 2873 ius.
1137 2831 1306 2889 qieanaaam
1325 2816 1395 2875 dam
1419 2817 1493 2875 mibi
1508 2819 1640 2877 attribuit

354 2921 529 2990 oratiorum,
546 2936 657 2993 param
680 2920 809 2977 meminit
829 2919 943 2988 decori,
965 2932 1050 2990 quem
1072 2881 1258 2991 splendbdius
1279 2935 1316 2976 ac
1337 2921 1571 2991 mapnificcatius
1589 2923 1636 2978 lo-

355 3029 488 3092 quentem
511 3019 591 3091 facit
610 3036 699 3094 quam
725 3023 843 3080 soleam.
888 3020 1014 3092 denique
1041 3019 1115 3078 nibil
1144 3025 1187 3078 est
1213 3028 1271 3078 tam
1297 3019 1453 3093 frivolum,
1484 3023 1564 3095 qaod
1589 3024 1638 3080 ille

355 3125 477 3194 tropicis
498 3124 592 3181 uerbis
611 3140 668 3181 non
688 3129 863 3195 ecapaerct,
887 3136 975 3195 anum
997 3128 1131 3195 oporteat
1148 3124 1310 3180 orationem
1333 3130 1364 3181 at
1385 3129 1488 3181 uestem
1509 3126 1636 3199 corpori,

355 3226 398 3281 sic
422 3225 508 3282 rebus
535 3242 597 3283 esse
621 3241 793 3298 corrpraam.
837 3223 911 3282 Hac
933 3223 1092 3282 admonitio
1119 3224 1252 3283 nonnihil
1276 3227 1351 3284 lucis
1373 3225 1466 3283 addet
1483 3228 1587 3286 lectori
1607 3229 1705 3291 inam.

320 3333 415 3385 istola
437 3330 579 3385 oratione.
624 3329 667 3384 Ac
685 3330 816 3400 primum
838 3329 868 3382 in
891 3323 1068 3397 asliapenda
1090 3328 1205 3384 ratione
1222 3327 1288 3384 aide
1302 3327 1375 3399 arsid
1387 3329 1482 3386 statim
1498 3338 1637 3402 assumat,

356 3432 411 3486 ‘mc
429 3429 558 3487 laudare
576 3446 654 3486 nune
672 3425 902 3487 Hocbstratam'.
942 3427 1084 3486 Ostendat
1101 3444 1200 3501 aarcso
1221 3430 1315 3487 locncm
1337 3428 1385 3486 ubi
1407 3429 1481 3488 milii
1498 3432 1639 3489 laudatas

355 3533 393 3588 sit
407 3530 616 3590 lioclistratas:
646 3538 724 3590 certe
746 3533 799 3589 illa
815 3532 951 3605 epistola,
971 3546 1060 3602 quam
1074 3531 1270 3589 adrdatricem
1285 3537 1381 3601 uocat,
1402 3537 1431 3589 ct
1442 3534 1533 3605 plena
1546 3534 1639 3593 liber-

357 3635 425 3692 tatis
442 3640 499 3705 est,
522 3650 576 3691 nec
597 3636 709 3692 acrcleis
730 3639 833 3690 uacat:
865 3647 934 3690 nam
954 3633 1034 3704 qima
1054 3634 1135 3690 illam
1160 3634 1272 3691 alicubi
1291 3650 1347 3692 non
1368 3632 1553 3705 familiarem
1569 3639 1638 3709 pai-

357 3737 438 3806 dem,
466 3736 520 3793 sed
545 3744 667 3794 ueterem
692 3737 817 3794 amicum
847 3736 977 3809 appella,
1007 3735 1072 3806 qais
1098 3750 1156 3792 non
1184 3736 1320 3808 intellipit
1345 3735 1461 3794 subesse
1487 3734 1639 3796 ironiam?

321 3838 443 3896 mNuac
471 3840 740 3896 sermocinationem
772 3838 947 3895 audiamus:
984 3833 1040 3893 ‘Ta
1069 3833 1195 3893 solebas'
1225 3838 1320 3910 inaruit
1351 3840 1412 3911 ‘qui
1440 3839 1496 3896 boc
1528 3840 1637 3897 laudas
1646 3855 1664 3904 s.
1672 3858 1704 3899 n.

357 3943 460 3999 ‘scelus
481 3957 573 4012 nunc,
596 3942 769 3998 exclamare
789 3940 868 3997 banc
893 3954 955 3996 esse
975 3936 1013 3994 ab
1035 3938 1121 3995 iratis
1144 3940 1261 4013 superis
1288 3940 1446 3997 immissam
1476 3943 1563 3999 terris
1581 3958 1639 4015 pe-

357 4048 450 4114 stem,
473 4060 540 4116 ariae
560 4045 662 4101 literas
684 4058 721 4099 ac
743 4043 861 4113 inperia
882 4041 1036 4111 conficiat·
1062 4039 1142 4099 banc
1162 4058 1224 4099 esse
1245 4043 1444 4100 calamitosam
1466 4044 1639 4115 optimorum

357 4147 529 4205 ‘studiorum
552 4148 712 4203 castitatem
727 4160 764 4203 nc
780 4144 962 4216 pernicicm;
983 4141 1039 4199 boc
1059 4143 1167 4201 immite
1187 4146 1280 4201 omnis
1299 4144 1490 4202 hamanitatis
1509 4146 1639 4216 exitium,

357 4249 445 4306 ‘baruc
466 4251 546 4306 illam
568 4265 631 4305 esse
649 4245 750 4318 saccrn
772 4261 831 4319 quo
851 4244 928 4303 iliad
947 4245 1110 4302 exarsisset
1130 4246 1185 4304 boc
1204 4253 1333 4321 terrtpore
1354 4246 1537 4317 incendium,
1562 4248 1641 4304 uadc

320 4365 347 4404 ss
357 4353 530 4425 ‘periculam
552 4353 590 4407 sit
609 4366 646 4407 ne
667 4351 853 4422 constuprent
875 4362 973 4404 omnes
994 4335 1073 4405 recte
1094 4345 1240 4407 stadiosi’.
1285 4347 1356 4417 (lais
1381 4365 1438 4408 non
1466 4351 1562 4406 sattim
1588 4351 1708 4413 iri-§.rs

358 4456 471 4524 tellipat
491 4453 569 4511 botrie
587 4452 723 4526 plerasim
737 4449 860 4508 Hutteai
876 4466 952 4520 esse,
974 4466 1031 4508 non
1052 4446 1191 4509 Erasmil
1212 4451 1261 4509 Aa
1273 4466 1319 4509 me
1336 4453 1478 4509 neminem
1494 4466 1550 4508 noa
1566 4451 1638 4508 lior-

358 4562 464 4627 tatam,
488 4562 519 4612 at
539 4558 697 4628 strinperet
717 4557 864 4611 calamam
885 4554 915 4610 in
938 4552 1163 4611 llocbstralum:
1182 4551 1327 4627 proferat
1347 4569 1451 4623 anam,
1474 4560 1504 4612 et
1524 4556 1640 4613 vicerit:

358 4675 428 4715 nam
452 4658 529 4715 iliad
545 4674 673 4734 prorsas
694 4658 768 4713 artis
789 4656 944 4714 rhetorica
964 4655 1083 4713 scbema
1100 4661 1205 4730 putat,
1234 4656 1314 4729 qnod
1332 4655 1522 4714 hamanitatis
1539 4658 1640 4728 pratia
1679 4664 1681 4668 ’

359 4762 431 4817 nolit
446 4758 587 4833 prolerre
607 4760 746 4833 epistolas
766 4758 942 4830 homicidas,
963 4760 1097 4817 uidelicet
1114 4764 1147 4815 at
1163 4759 1232 4831 plus
1252 4758 1448 4831 relinquentia
1466 4761 1640 4834 suspicione.

426 4964 436 4995 ⁴
456 4966 535 5014 liuius
554 4961 614 5028 liin]
635 4965 651 5012 i.
673 4979 696 5010 e..
718 4960 967 5027 Expostulationis,
991 4963 1069 5010 euius
1093 4963 1121 5010 in
1140 4977 1197 5025 sqq.
1217 4962 1299 5010 miser
1315 4961 1445 5011 crasans
1468 4977 1522 5011 non
1541 4964 1640 5013 verita·

358 5061 426 5112 tem,
448 5051 522 5100 illam
542 5054 637 5098 contra
656 5064 686 5097 se
706 5063 758 5096 non
778 5046 928 5106 inurendam,
948 5046 1101 5096 sedantem
1121 5046 1285 5110 redarguere
1304 5046 1406 5095 studet.

1362 5131 1423 5192 18*
