3934 6034
386 672 459 743 482
485 690 662 739 annuunt
681 692 728 740 an
748 691 830 740 von.
844 691 866 740 1.
887 688 1055 740 nxxxnr.
1075 706 1218 740 emmae
1231 706 1268 739 in
1281 706 1375 741 mica.
1391 707 1425 740 nn
1440 706 1560 740 aruzii.
1574 706 1599 740 i.
1616 699 1678 740 isis,

386 862 486 934 Regem
509 862 645 918 scribitis:
668 864 700 918 ad
725 880 804 936 quem
828 873 957 937 utrasque
980 872 1008 920 et
1031 864 1134 937 reliqua
1158 864 1247 920 omnia
1276 864 1509 936 quamcitissime
1532 874 1614 937 atque
1637 866 1678 920 di-

387 946 564 1019 ligentissime
589 947 645 1003 lteri
662 948 766 1021 potuit.
791 949 1003 1004 transmisimus:
1028 950 1073 1022 qui
1091 950 1148 1023 ipsc
1164 967 1197 1004 eo
1214 949 1293 1004 modo
1310 948 1389 1003 nobis
1406 950 1559 1021 respondit.
1584 967 1679 1022 quem-

386 1032 529 1087 admodum
558 1032 590 1086 ad
620 1050 667 1086 ros
703 1033 846 1088 scribimus
878 1027 954 1109 [per]
987 1034 1125 1088 dominum
1153 1034 1185 1088 de
1220 1034 1354 1105 Bazoges.
1390 1034 1548 1088 scutiferuni
1579 1034 1678 1089 franci-

386 1133 474 1176 scum.
509 1123 536 1171 et
565 1117 598 1171 de
628 1116 652 1171 la
676 1117 857 1174 Poussiniere.
902 1119 934 1173 Et
961 1125 992 1172 ut
1021 1136 1077 1174 rem
1113 1118 1188 1174 volsis
1222 1119 1332 1174 omuino
1366 1117 1573 1190 patefaciamus.
1606 1119 1677 1173 idem

385 1200 511 1255 dominus
539 1201 712 1256 veliementer
740 1202 882 1276 obstupuit
911 1220 1136 1275 summopereque
1167 1203 1280 1257 miratus
1309 1204 1353 1257 est'
1379 1202 1465 1257 varias
1495 1210 1522 1256 et
1546 1202 1704 1261 molestass

386 1285 533 1358 petitiones
556 1303 651 1359 parum
675 1287 701 1341 in
725 1304 753 1342 se
776 1287 906 1343 habentes
928 1288 1105 1343 constantiae:
1134 1288 1185 1343 iam
1214 1304 1309 1360 nempe
1339 1286 1421 1342 tertio
1453 1286 1479 1341 id
1502 1288 1601 1341 lectiani
1625 1296 1677 1342 est.

387 1369 419 1424 Ut
442 1387 505 1425 reru
529 1371 678 1426 sententias
702 1380 809 1427 nostras
832 1390 862 1427 ae
886 1372 981 1426 iudicia
1006 1373 1031 1426 in
1055 1390 1085 1427 ea
1109 1390 1138 1427 re
1160 1371 1340 1433 declaremus,
1374 1371 1440 1425 satis
1462 1387 1522 1426 csse
1545 1370 1677 1427 haetenus

385 1453 466 1509 delict
489 1454 585 1516 rideri,
620 1473 669 1511 nec
698 1457 810 1530 posthac
842 1464 883 1511 tot
910 1456 1038 1511 molestas
1061 1457 1207 1530 petitiones
1235 1456 1326 1510 venire
1354 1454 1540 1510 inculcandas:
1576 1456 1678 1510 instare

386 1545 493 1612 tempus
516 1539 699 1596 conclusionis
722 1550 803 1614 atque
827 1541 988 1596 omnimodae
1011 1540 1186 1596 resolutionis
1210 1540 1236 1594 in
1259 1539 1392 1595 eiusmodi
1415 1540 1529 1610 negocio
1546 1541 1612 1594 satis
1631 1540 1677 1593 diu

386 1621 427 1694 (ut
450 1624 592 1691 sentimus)
616 1624 789 1697 prolongato.
827 1626 943 1680 Proinde
966 1642 1093 1697 rogamus
1116 1643 1164 1680 ros
1186 1625 1352 1685 enixissime.
1377 1633 1407 1678 ut
1430 1641 1461 1677 ex
1484 1634 1560 1696 parte
1584 1633 1674 1679 vestra
1690 1644 1712 1680 m

386 1707 518 1763 eiusmodi
541 1710 655 1781 negocio
679 1709 838 1782 invigiletis.
867 1728 912 1765 rex
940 1727 1036 1783 nempe
1065 1709 1180 1764 iindtum
1211 1709 1269 1782 spei
1299 1717 1379 1780 atque
1409 1707 1512 1763 dducim
1543 1709 1568 1762 in
1599 1708 1677 1763 rolris

384 1792 456 1847 circa
477 1792 545 1848 ltarrc
568 1811 624 1849 rein
646 1794 738 1849 dellait
760 1803 841 1867 atque
863 1795 1018 1850 collocarit:
1053 1795 1189 1866 Rogamus
1212 1795 1306 1853 etiarn.
1330 1801 1360 1847 ut
1383 1809 1462 1865 cluam
1485 1794 1602 1865 primum
1626 1810 1677 1847 nos

385 1874 428 1947 (dc
449 1895 481 1931 eo
505 1877 577 1949 qttod
600 1877 757 1934 conclusum
780 1878 842 1950 erit)
873 1879 991 1933 reddatis
1019 1879 1159 1933 certiores.
1210 1878 1263 1932 Nos
1290 1876 1419 1931 habemus
1445 1877 1550 1949 copiam
1581 1885 1678 1931 vestre

385 1959 500 2022 clrillrae,
526 1979 604 2034 quam
626 1963 752 2018 dominus
774 1963 950 2018 cancellarius
973 1963 1006 2018 ad
1031 1980 1082 2018 nos
1104 1963 1262 2022 destinavit.
1287 1962 1383 2016 iccirco
1407 1961 1533 2035 poteritis
1550 1979 1600 2016 rios
1616 1968 1677 2015 tuto

385 2062 416 2100 ac
438 2063 532 2101 secure
555 2047 588 2102 de
611 2048 736 2102 omnibus
759 2047 865 2103 efficere
887 2048 1027 2104 certiores.
1051 2046 1114 2103 l'ale
1137 2046 1261 2102 feliciter.
1283 2045 1360 2119 ilpud
1382 2044 1552 2100 Lunaevillarn
1576 2044 1676 2099 XXl'lll
1691 2065 1712 2101 is

386 2128 482 2191 llartii,
1045 2132 1093 2186 l’ui
1117 2130 1309 2186 studiosissimi
1332 2138 1414 2202 atquc
1437 2130 1613 2184 amantissimi

747 2222 750 2226 ’
1102 2216 1228 2271 llcmlnit.
1252 2216 1398 2287 Bounyvet.
1421 2213 1560 2268 Coiullart.

548 2294 722 2362 [reserpere]
748 2301 893 2357 Carissimo
916 2301 1016 2362 amico.
1044 2301 1185 2356 carissimo
1207 2300 1317 2355 domino

859 2386 994 2442 loaclrimo
1022 2385 1054 2440 do
1077 2385 1201 2440 lloltzan.

404 2599 444 2632 ετ.
459 2599 594 2633 Genuum.
882 2584 909 2644 8.
935 2583 1042 2664 [Licet.
1059 2606 1086 2643 n.
1103 2581 1178 2663 not]
1424 2590 1442 2630 ¹·
1457 2597 1518 2631 ΛΡΒ·
1534 2578 1570 2645 [a.
1587 2578 1658 2646 'md
1688 2607 1713 2646 to

883 2718 1096 2798 [t'nnn'ctsct's
1118 2723 1182 2779 Rtx

797 2820 979 2870 rotomaco
1000 2822 1047 2869 nn
1071 2814 1265 2882 nonarum]

471 2926 603 2981 Trcscher
629 2936 656 2981 ct
685 2925 746 2980 liien
772 2944 839 2982 anie.
879 2925 953 2980 Nous
980 2942 1062 2980 avons
1089 2943 1138 2980 reu
1165 2933 1192 2980 et
1216 2924 1333 2979 cutendu
1358 2940 1389 2979 ee
1411 2925 1457 2997 qui
1485 2944 1499 2980 a
1522 2933 1580 2980 este
1604 2926 1677 2985 luict.

385 3009 501 3066 conclud
524 3019 550 3065 ct
573 3019 676 3066 arreste.
696 3028 827 3083 arecques
849 3017 927 3065 notre
944 3011 1066 3065 tresclrer
1081 3017 1108 3064 et
1125 3018 1239 3064 tresamc
1255 3008 1350 3064 cousin
1366 3007 1391 3063 le
1409 3011 1529 3082 maronis
1545 3010 1579 3064 de
1594 3010 1677 3065 Bran-

385 3096 541 3166 clenliuurg.
564 3096 672 3170 dequoy
695 3113 778 3150 avons
800 3104 857 3151 estc
884 3103 912 3150 ct
933 3113 1051 3150 summes
1075 3102 1130 3149 tres
1152 3104 1273 3148 contens.
1318 3094 1426 3149 Comme
1448 3112 1515 3149 rous
1537 3112 1619 3150 aures
1643 3095 1712 3149 silas

385 3187 459 3235 ceste
483 3180 567 3235 lieure
588 3199 639 3254 peu
663 3180 752 3235 saroir
774 3198 823 3254 pen
845 3180 961 3240 'lariard
987 3196 1040 3252 que
1063 3196 1145 3234 avons
1169 3178 1337 3234 incontinant
1351 3179 1485 3252 deposcite
1501 3188 1528 3234 et
1544 3197 1675 3252 renroye.

385 3263 505 3338 pardella
528 3283 659 3338 arceqnes
681 3265 720 3320 les
743 3263 840 3322 lettres
863 3272 890 3320 ct
912 3274 1030 3319 secretos
1055 3262 1133 3318 telles
1156 3280 1228 3336 quon
1251 3262 1291 3318 les
1311 3263 1440 3318 dememde
1464 3272 1568 3319 areste
1584 3281 1676 3326 curse,

385 3366 452 3405 vous
475 3349 583 3422 prions.
613 3358 670 3405 tant
694 3366 746 3422 que
774 3350 840 3405 taire
863 3366 999 3422 pourons.
1027 3349 1110 3422 ayder
1132 3355 1160 3402 et
1182 3348 1253 3402 tenir
1272 3347 1343 3402 main
1364 3348 1397 3402 dc
1425 3355 1501 3404 votre
1526 3356 1587 3421 part
1610 3367 1624 3403 a
1646 3366 1677 3404 ce

386 3451 438 3507 quc
462 3433 501 3487 les
523 3434 650 3490 ruatieres
673 3434 818 3508 preignent
838 3434 874 3489 dn
896 3441 923 3488 et
946 3451 1027 3506 yssue
1052 3431 1128 3493 telle.
1156 3449 1207 3506 que
1230 3431 1254 3486 la
1276 3431 1417 3493 desimus,
1442 3431 1466 3488 le
1488 3442 1548 3487 tout
1566 3451 1580 3488 a
1597 3434 1678 3488 llron·
1736 3490 1739 3504 ,

385 3536 466 3578 neur.
490 3519 602 3591 proulstt
621 3529 648 3574 et
669 3517 758 3574 utilite
779 3520 814 3574 du
836 3519 875 3573 dit
899 3519 1019 3590 marquis
1041 3526 1068 3573 et
1091 3517 1123 3571 de
1146 3536 1174 3570 sa
1204 3517 1320 3578 maison,
1348 3525 1376 3571 et
1403 3533 1436 3571 au
1458 3517 1619 3573 donmurant
1644 3529 1714 3573 ncuo

384 3612 492 3675 partez,
520 3620 554 3658 no
577 3604 663 3677 liogez
686 3604 835 3677 ‹larecqucs
858 3602 917 3677 luy.
950 3620 1003 3675 que
1025 3610 1116 3657 tontes
1140 3602 1237 3656 choses
1260 3618 1293 3656 ue
1316 3602 1406 3657 soient
1431 3602 1611 3658 entieremcnt
1635 3621 1679 3657 ac-

383 3687 496 3742 cordees
519 3698 546 3743 et
571 3687 741 3762 accomplies.
779 3688 810 3744 Et
830 3706 895 3743 vous
912 3704 980 3741 nous
997 3680 1100 3762 fere[z]
1116 3685 1217 3741 service
1234 3693 1289 3741 tres
1306 3685 1432 3758 agreablc
1447 3694 1475 3741 ct
1491 3686 1527 3742 tel
1543 3685 1600 3759 quil
1617 3704 1678 3742 sera

384 3787 480 3826 envers
504 3790 569 3827 rous
592 3782 619 3828 ct
643 3772 682 3828 les
706 3782 796 3829 votrcs
818 3788 955 3845 recognen
977 3771 1010 3826 de
1035 3780 1110 3826 sorte
1133 3787 1184 3843 que
1206 3788 1273 3825 vous
1301 3788 1381 3826 atrrez
1403 3787 1483 3826 cause
1505 3772 1597 3826 destrc
1621 3779 1679 3826 tres

383 3864 504 3911 content.
550 3858 682 3913 Tresclrer
704 3866 731 3912 et
754 3857 814 3913 hicn
838 3875 909 3917 arne.
934 3864 1014 3911 notre
1037 3855 1165 3927 seigneur
1188 3873 1255 3910 rous
1278 3856 1317 3910 ait
1338 3872 1371 3910 en
1394 3875 1423 3911 sa
1446 3856 1537 3928 garde.
1570 3854 1679 3930 Eseript

384 3956 398 3996 a
421 3939 497 3996 Saint
520 3941 659 4004 llermaim
683 3942 709 3997 le
731 3942 850 4015 premier
869 3942 934 4012 jour
956 3939 1049 3995 ‹lat-ril.
1688 3950 1714 3989 aa

933 4025 1119 4098 Franeoys.
1451 4024 1591 4081 Rohcrtet.

382 4238 538 4303 ‚canteram
568 4296 571 4300 .
876 4225 904 4284 ll.
930 4224 1037 4305 [Liscd.
1061 4245 1088 4282 n.
1108 4220 1183 4301 203]
1410 4232 1440 4272 ¹³·
1455 4238 1517 4272 m·
1539 4222 1575 4288 [a.
1591 4223 1674 4304 '⁵¹³st

844 4359 1022 4441 [turonus
1047 4362 1086 4417 nn
1107 4362 1217 4418 nuato

792 4460 975 4510 maranno
1002 4456 1263 4523 nazarenorum]

467 4565 631 4623 Gratissima
653 4565 880 4621 christianissimo
904 4565 968 4637 llegi
992 4565 1102 4620 luerunt
1124 4564 1223 4620 litterae
1247 4574 1311 4626 tuce,
1346 4565 1381 4620 mi
1405 4565 1551 4628 loaeliime.
1576 4568 1678 4641 quibus
1692 4591 1715 4629 ae

361 4656 410 4705 'et
432 4650 589 4707 fidelitatem
612 4660 639 4706 et
662 4650 814 4723 ingenium,
845 4667 895 4705 uec
924 4667 979 4705 iton
1002 4650 1083 4705 animi
1107 4650 1144 4704 tui
1169 4650 1353 4706 sinceritatem
1375 4649 1507 4707 latissime
1535 4656 1678 4726 cognorit,

382 4772 585 4783 ...α-.-

450 4832 471 4865 ¹⁷
487 4835 570 4883 arride
590 4834 733 4883 (lotaillnrt.

447 4917 467 4949 ³¹
487 4916 584 4982 bogez]
605 4922 620 4966 i.
635 4935 656 4967 e.
671 4918 777 4980 bougcz
835 4914 856 4948 ¹²
876 4915 933 4965 fere
953 4916 985 4966 L.
1004 4918 1099 4982 scripsi
1116 4917 1190 4968 ferez

448 5000 470 5033 ⁴⁰
489 5001 653 5051 Gratissime
672 5003 704 5051 L.
