3934 6034
406 631 476 703 168
564 648 693 699 ccct'n.
708 664 810 699 consur
824 665 887 700 nor.
901 665 937 699 aa
950 666 1064 700 uenerat
1077 666 1221 701 carnisve
1234 668 1275 701 er.
1290 668 1315 702 o.
1333 661 1349 702 t.
1364 668 1443 703 fena.
1459 659 1518 701 tort.

405 841 458 879 riori
483 824 517 879 oh
541 824 566 879 id
589 824 676 879 solum
700 826 771 898 quod
801 825 950 883 existimem
978 826 1090 881 honoris
1118 826 1170 882 hoc
1197 827 1256 882 aliis
1285 826 1377 883 deberi
1411 826 1594 900 magnatibus,
1630 844 1682 881 tion

404 909 528 970 Erasruo,
552 909 645 965 lnrrnili
668 911 753 965 circadis
777 910 901 967 omuibus
923 911 1100 971 homunculo.
1123 930 1214 967 rerum
1237 913 1316 968 otiam
1336 914 1407 985 quod
1430 913 1485 968 hau
1502 912 1587 967 olliera
1605 911 1683 966 lassis

406 1003 452 1050 aut
479 994 579 1068 alioqui
609 995 746 1069 occupatis
773 1013 966 1069 nonuunquam
996 996 1181 1071 impedimenta
1210 1006 1271 1053 snut
1296 998 1383 1053 rerins
1411 1016 1489 1071 quam
1517 1005 1682 1052 ornarnenta.

338 1080 458 1142 §.talam
480 1098 563 1154 porro
587 1080 802 1153 quandoquidem
824 1081 972 1155 gloriosum
996 1100 1010 1135 c
1032 1084 1161 1137 eorrrmdia
1189 1084 1300 1140 militem
1328 1101 1408 1155 agere
1436 1084 1519 1156 copi,
1548 1081 1612 1155 quid
1636 1082 1683 1136 tibi

404 1183 610 1222 commemorem
635 1174 675 1221 tot
697 1166 826 1239 epistolas
849 1167 961 1222 honoris
983 1168 1070 1240 gratia
1093 1167 1132 1223 rel
1161 1169 1194 1223 ab
1222 1170 1334 1225 eruditis
1363 1169 1425 1222 viris
1453 1167 1493 1224 rel
1517 1187 1531 1222 a
1554 1167 1705 1239 magnati-1>

405 1251 468 1311 bns,
492 1267 506 1306 e
529 1250 686 1324 longinquis
709 1252 788 1307 etiam
810 1252 966 1325 regionibus
990 1253 1041 1308 hue
1064 1252 1171 1315 missas,
1196 1272 1250 1309 non
1267 1254 1324 1310 sine
1340 1255 1466 1309 munere?
1490 1254 1552 1325 qrrid
1570 1254 1683 1306 referam

405 1336 500 1392 doctos
524 1336 658 1398 homines,
695 1337 825 1409 rqiiosdam
855 1337 934 1392 etiam
962 1338 1092 1409 dignitate
1121 1340 1326 1412 praeminentes,
1362 1340 1414 1394 hue
1441 1355 1495 1393 non
1518 1338 1553 1392 oh
1575 1336 1645 1392 alind
1670 1353 1683 1391 e

405 1421 554 1494 longinquo
576 1421 731 1495 proiectos,
756 1440 833 1495 quam
857 1431 887 1477 nt
909 1423 1029 1476 riderent
1051 1421 1206 1479 Erasrrrum‘l
1230 1424 1327 1497 quibus
1349 1441 1403 1478 non
1424 1423 1530 1495 ambigo
1553 1422 1617 1495 quin
1634 1439 1683 1475 usn

406 1506 507 1567 rerriat,
532 1508 603 1580 (quod
627 1506 779 1562 Graecorum
803 1506 946 1581 proverbio
969 1507 1081 1568 dieitur,
1110 1509 1238 1564 thesauro
1267 1518 1376 1583 sperato
1398 1509 1528 1564 carbones
1552 1515 1683 1580 repertos.

407 1592 458 1647 Sed
481 1591 567 1664 qualis
590 1592 678 1665 qualis
699 1610 751 1666 ego
774 1611 847 1652 sum.
881 1593 938 1649 haec
959 1602 1032 1648 certe
1054 1603 1206 1667 coarguunt
1229 1593 1381 1650 rabularum
1406 1595 1518 1649 istorum
1549 1593 1720 1665 turpium-u

408 1686 461 1733 tem
485 1676 641 1737 vanitatem,
665 1677 725 1749 qui,
748 1686 779 1733 ut
801 1678 910 1740 scribis,
934 1678 1013 1733 isthic
1036 1678 1167 1735 lactarent
1188 1680 1251 1734 mihi
1275 1698 1407 1751 nusquam
1431 1679 1457 1733 in
1480 1678 1618 1733 Germania
1643 1686 1684 1731 tn-

410 1771 462 1817 tmn
485 1779 544 1817 esse
568 1762 671 1825 sedena
707 1772 733 1817 et
757 1762 816 1818 ideo
840 1764 937 1837 opinor
960 1763 1066 1836 ‹proties
1089 1764 1180 1836 aliquo
1202 1782 1244 1819 me
1272 1766 1397 1826 confero,
1426 1763 1523 1818 solitus
1552 1781 1611 1817 suni
1639 1763 1687 1817 im-

340 1854 518 1921 §.tepetrare
541 1846 619 1902 fidem
641 1847 782 1921 publicam.
827 1848 958 1903 Ceterum
982 1866 1034 1921 qno
1058 1850 1145 1904 urinas
1167 1850 1265 1905 multas
1287 1849 1369 1904 nrbes
1397 1849 1522 1909 inrisam,
1552 1847 1623 1921 quod
1646 1846 1685 1901 rel

412 1931 491 1987 animi
515 1933 601 2004 gratia
625 1933 746 1989 lectissem
769 1951 975 2007 nonnunquam.
1000 1935 1103 1989 etiamsi
1127 1935 1158 1990 ad
1181 1935 1206 1989 id
1230 1953 1277 2008 per
1299 1934 1435 1989 literarios
1457 1933 1563 1988 labores
1578 1933 1688 1988 daretur

413 2017 513 2077 orium,
538 2025 625 2072 tarnen
648 2018 812 2092 hypocausta
836 2018 1029 2092 prohiberent,
1060 2038 1119 2093 quar.
1143 2020 1249 2093 quidem
1272 2020 1314 2075 lue
1338 2021 1442 2074 ferrent
1464 2027 1551 2074 totum
1579 2026 1721 2079 atinum,t-'1

412 2103 454 2156 vin
484 2101 569 2158 trihus
604 2104 722 2177 exerptis
751 2103 900 2167 mensibus3
933 2112 961 2159 et
992 2103 1080 2159 locum
1108 2123 1187 2177 quem
1218 2105 1281 2160 mihi
1310 2103 1419 2159 basilea.
1448 2104 1551 2177 parari,
1586 2120 1688 2158 meeum

413 2188 587 2243 circumferre
610 2205 664 2243 nou
687 2187 757 2243 lieet.
794 2189 847 2245 Nec
870 2189 919 2244 hoe
942 2189 1030 2244 ruinius
1051 2190 1191 2263 impudens
1206 2190 1371 2245 mendamum
1387 2197 1458 2248 erat.
1483 2206 1536 2261 qim
1552 2205 1594 2243 me
1610 2188 1689 2242 iaeta-

413 2272 477 2328 hant
504 2272 546 2328 hic
574 2272 683 2328 llasileae
711 2275 819 2329 ticianum
847 2292 906 2330 esse
934 2282 1079 2330 mercatum
1108 2284 1135 2331 et
1163 2276 1204 2330 ins
1231 2275 1346 2330 civitatis
1374 2274 1532 2335 redemisse,
1567 2272 1688 2327 videlicet

412 2358 502 2413 isthuc
524 2375 658 2430 nunqnam
682 2359 837 2415 rediturum.
883 2367 911 2413 nt
934 2360 1022 2415 onmia
1045 2360 1109 2415 niihi
1136 2360 1258 2433 placeant
1289 2360 1316 2414 iu
1338 2359 1492 2420 Germania,
1525 2358 1603 2413 sicuti
1633 2356 1689 2430 pla·

408 2451 469 2499 erent
492 2442 634 2516 pleraque,
657 2453 730 2500 certe
753 2462 796 2500 res
818 2462 870 2499 nna
893 2444 1021 2519 propellit
1044 2445 1120 2507 hine,
1145 2446 1268 2500 nirnirmn
1291 2444 1440 2501 communis
1463 2443 1580 2498 omnium
1603 2442 1722 2515 hypo-²0

409 2538 563 2584 caustorum
587 2546 664 2589 usus,
689 2547 743 2602 qno
766 2529 795 2584 sit
818 2538 847 2584 nt
870 2529 944 2585 solus
967 2529 1098 2591 habitem,
1122 2548 1151 2585 ae
1174 2548 1223 2586 nee
1245 2530 1311 2586 alios
1334 2529 1413 2585 liceat
1436 2528 1550 2584 invisere
1573 2528 1630 2583 sine
1647 2545 1688 2581 ra-

411 2612 539 2669 letndinis
562 2631 627 2669 meae
650 2614 784 2687 periculo,
809 2632 856 2669 nee
879 2614 937 2670 aliis
962 2633 1002 2669 me
1026 2615 1103 2670 lineat
1126 2616 1240 2670 inrisere
1256 2616 1322 2671 citra
1340 2615 1549 2673 incommmhrm,
1574 2612 1619 2685 qni
1634 2629 1688 2666 mm

344 2699 501 2761 §.narniens
525 2698 697 2753 ollcnduntur
718 2699 821 2772 frigore
843 2717 903 2755 meo
927 2718 1005 2773 qnam
1030 2719 1080 2773 ego
1104 2700 1212 2755 illorum
1235 2700 1333 2756 calore.
1378 2698 1444 2754 lllnd
1466 2716 1557 2753 rernm
1573 2706 1689 2752 estesse

411 2782 519 2839 basileae
543 2784 589 2855 qui
611 2784 675 2838 mihi
698 2784 768 2840 actm
797 2785 868 2840 dono
897 2784 996 2840 obtulit
1024 2785 1227 2857 rpradringentis
1257 2785 1366 2841 florenis
1393 2784 1482 2839 aureis
1510 2791 1628 2856 eruptos,
1664 2782 1688 2836 in

412 2867 509 2941 quilms
532 2885 733 2929 nnncrersorz
757 2870 802 2924 sed
825 2887 876 2943 ego
899 2888 947 2925 nec
970 2870 1021 2924 emi
1045 2888 1093 2926 nee
1115 2871 1213 2926 donum
1238 2870 1356 2927 oblatum
1378 2869 1477 2942 accepi.
1520 2868 1555 2923 ile
1582 2868 1724 2923 civitatens

412 2971 445 3019 ne
468 2971 516 3026 per
539 2953 671 3009 scratinium
695 2954 800 3028 quidem
823 2964 864 3010 est
887 2973 1003 3028 unquam
1026 2956 1182 3028 cogitatum.
1227 2956 1334 3029 qnidam
1357 2972 1411 3009 non
1435 2953 1532 3009 induam
1560 2952 1690 3007 autorita-

413 3036 447 3094 tis
470 3038 538 3111 apnd
555 3038 676 3111 Turegos
699 3039 782 3095 semel
805 3048 885 3113 atque
908 3040 1005 3095 iterum
1028 3058 1130 3095 meeum
1153 3042 1209 3113 egit
1231 3060 1280 3115 per
1294 3041 1399 3102 literas,
1423 3048 1453 3094 ut
1469 3038 1524 3094 illie
1539 3038 1580 3092 ius
1595 3038 1690 3093 eirimn

414 3123 576 3197 acciperem:
599 3142 650 3196 ego
673 3124 806 3180 demirans
829 3142 898 3198 qum
920 3126 976 3181 haee
999 3137 1107 3197 ageret,
1132 3127 1257 3200 respondi
1280 3144 1322 3182 me
1345 3124 1411 3180 relle
1431 3125 1515 3180 civem
1530 3141 1590 3178 esse
1606 3123 1691 3177 totins

345 3209 519 3270 attinenti,
549 3226 603 3264 non
627 3210 706 3264 tutius
730 3210 829 3283 oppidi.
873 3210 907 3265 lle
930 3210 1013 3265 Gallia
1037 3210 1171 3272 adeunda,
1206 3211 1277 3283 qnod
1306 3229 1363 3266 eam
1392 3210 1457 3264 mihi
1484 3208 1555 3264 velut
1584 3208 1690 3262 unicum

412 3294 514 3369 asylum
537 3312 679 3367 superesse
701 3294 873 3356 dictitabant,
909 3312 962 3350 riou
986 3296 1095 3350 omnino
1118 3295 1150 3350 de
1174 3296 1257 3351 nihilo
1286 3304 1347 3350 nata
1376 3304 1417 3349 est
1444 3293 1546 3349 lahula:
1580 3307 1725 3367 persua-ao

413 3398 470 3434 snm
495 3377 622 3433 habebam
646 3380 734 3434 sinum
758 3398 817 3435 esso
839 3397 944 3435 causam
968 3379 1055 3435 morbi
1078 3381 1142 3441 meh
1174 3381 1284 3436 necdum
1308 3379 1491 3436 intellexeram
1520 3377 1572 3433 tale
1599 3378 1689 3432 sinum

412 3465 534 3519 comiuus
556 3482 570 3518 a
593 3464 745 3537 llrrrgundia
768 3465 934 3538 suppeditari
957 3483 1053 3538 posse;
1076 3474 1103 3520 et
1126 3467 1148 3520 si
1172 3466 1318 3539 potuisset.
1343 3464 1498 3519 ferebantur
1519 3463 1562 3518 hic
1577 3472 1634 3517 tum
1651 3480 1692 3516 ra·

414 3549 446 3605 rii
474 3566 613 3611 rumores,
648 3558 747 3604 anetum
776 3549 925 3605 inlicientes
961 3568 994 3605 ne
1023 3568 1076 3605 nou
1105 3568 1225 3606 essemus
1254 3551 1297 3606 hie
1320 3549 1428 3604 ouurino
1452 3549 1536 3603 hrtnri
1560 3547 1692 3602 bellorum

414 3643 550 3708 expertes:
575 3633 627 3688 tale
650 3634 672 3687 si
696 3635 759 3706 qiiid
782 3635 935 3696 accidisset,
960 3652 992 3690 ne
1014 3635 1167 3707 durgundia
1191 3636 1296 3709 quidem
1320 3634 1455 3708 pcituisset
1477 3633 1520 3687 siti
1545 3650 1611 3687 mom
1634 3651 1693 3687 suc·

414 3736 533 3775 currere.
577 3737 668 3774 rernm
697 3718 776 3781 illud,
807 3727 836 3774 ut
858 3720 926 3782 dini,
955 3737 1036 3792 quum
1066 3720 1218 3791 ignorarem
1247 3729 1274 3776 et
1298 3737 1419 3775 rmnores
1442 3717 1594 3773 huiusmodi
1617 3735 1727 3773 scrut-as

415 3805 506 3878 pulum
523 3804 675 3865 iniicereut,
698 3805 765 3878 errpi
782 3804 876 3860 leviter
891 3805 923 3859 de
939 3804 1021 3859 Gallia
1038 3805 1156 3860 adeunda
1172 3807 1307 3879 eogitare‚
1332 3823 1391 3877 qnae
1408 3803 1447 3859 rel
1463 3803 1557 3858 mediis
1574 3803 1599 3857 in
1616 3803 1693 3860 hellis

346 3889 468 3948 enatat
496 3890 599 3963 copiam
629 3890 822 3963 suppeditaret.
867 3888 919 3945 liae
947 3890 979 3944 de
1008 3908 1037 3944 re
1067 3908 1147 3962 aptium
1175 3892 1337 3947 mentionem
1367 3890 1488 3945 iecissem
1517 3889 1586 3962 apud
1615 3890 1642 3943 ll.
1665 3889 1693 3942 Ι).

415 3975 584 4031 Francisenm
607 3974 836 4048 archiepiscopatui
859 3974 1089 4036 Ehredunensem,
1124 3976 1168 4049 qni
1193 3984 1248 4031 tum
1271 3975 1313 4030 hic
1336 3974 1472 4046 legatione
1501 3973 1616 4046 hingeus
1646 3991 1695 4027 mm

414 4060 496 4116 semel
519 4069 599 4133 atque
623 4061 719 4115 iterum
744 4060 846 4119 inrisit.
882 4059 954 4115 ultro
978 4059 1116 4132 pollieitns
1140 4069 1181 4116 est
1205 4060 1249 4116 ille
1272 4079 1301 4115 se
1323 4068 1478 4115 curaturum
1507 4077 1521 4113 a
1551 4077 1616 4131 rege
1644 4076 1694 4111 sno

413 4145 544 4219 diploma,
575 4163 629 4219 quo
653 4146 737 4201 tritius
760 4164 792 4201 eo
816 4145 909 4201 liceret
931 4144 1080 4217 proficisci,
1109 4146 1131 4200 si
1155 4147 1190 4201 ita
1215 4147 1297 4201 risum
1322 4145 1425 4200 luisset.
1471 4144 1573 4198 invenis
1602 4144 1729 4200 horna-io

414 4230 540 4285 nissimus
563 4231 682 4304 gestiens
705 4249 734 4285 ac
758 4231 808 4285 sihi
830 4229 984 4302 gratulans,
1008 4230 1078 4304 apud
1100 4249 1218 4286 mensam
1242 4231 1342 4303 regiam
1366 4231 1437 4301 quod
1454 4228 1562 4284 llasilere
1584 4228 1695 4283 ortissu.

414 4315 564 4378 Erasrunm,
599 4316 654 4388 egit
677 4317 710 4372 de
733 4316 895 4389 diplomate;
929 4315 1019 4370 aderat
1048 4323 1136 4371 antem
1167 4316 1189 4370 id
1221 4316 1351 4389 temporis
1378 4316 1407 4370 n.
1431 4316 1458 4369 n.
1481 4313 1623 4369 cardinalis
1645 4314 1695 4367 Lo·

415 4401 566 4474 thoringia.
611 4419 656 4456 rex
688 4400 765 4456 lactus
788 4401 867 4456 etiam
891 4399 1001 4455 indulsit
1025 4401 1095 4472 qum
1120 4400 1275 4474 petebatur:
1306 4401 1400 4456 deinde
1423 4399 1468 4456 uhi
1485 4398 1607 4454 liiulbnm
1624 4398 1695 4457 ridit,

461 4658 637 4733 9Ἅνθροικες
656 4660 670 4718 ὁ
690 4661 835 4733 θησαυρὸς
853 4662 991 4734 πέφηνεν.
1011 4667 1200 4740 Zenob.Il.1.
1271 4667 1293 4698 ⁴³
1313 4667 1447 4717 cardinal.
1461 4663 1552 4729 Loth]
1579 4666 1695 4714 Ioarnres

413 4756 512 4805 ttenatt
531 4756 608 4803 ducis
626 4754 813 4819 Letharingia·
834 4754 920 4813 iilius,
941 4770 957 4801 a
982 4754 1075 4803 Leone
1089 4754 1120 4802 X.
1136 4769 1160 4801 a.
1177 4752 1249 4802 1518.
1263 4753 1431 4818 preshyteris
1446 4749 1631 4800 cardinalibus
1650 4751 1695 4797 ad·

384 4839 390 4852 ⁸
413 4841 539 4905 scriptus.
560 4840 602 4888 cf.
617 4839 747 4890 Ciaccon.
765 4839 815 4887 111.
831 4856 855 4903 p.
870 4837 928 4886 418.
943 4854 982 4903 sq.
1052 4835 1192 4903 Buclaenm]
1212 4838 1398 4897 Gnilielmum,
1419 4837 1529 4885 summis
1548 4835 1619 4899 apud
1633 4835 1695 4882 (tat-

414 4941 489 4975 orum
503 4941 581 4989 reges
594 4924 763 4973 Imdovicum
781 4923 842 4972 Xll.
857 4929 884 4971 et
896 4924 1074 4972 Franciseum
1091 4924 1113 4971 t.
1128 4924 1274 4972 honoribus
1288 4924 1410 4972 sctrictam
1425 4920 1696 4983 etrudemqnetiraece

416 5011 570 5075 Latineque
589 5009 774 5060 (lectissimum
791 5007 897 5070 ICtum,
916 5014 1010 5057 natum
1028 5008 1143 5058 Parisiis
1162 5024 1186 5057 a.
1202 5006 1288 5069 luta,
1307 5011 1439 5056 mortinrm
1457 5007 1475 5066 †
1495 5023 1520 5056 a.
1538 5005 1609 5058 laco.
