3934 6034
392 636 463 708 304
566 651 762 703 cccxxxlll.
783 668 902 704 soonam
915 670 1018 705 nassau
1031 670 1174 707 novensvs
1187 670 1360 707 osraaasnns
1374 672 1506 708 aventem.

389 840 455 883 eam
477 826 728 885 mansuetudinem
749 829 880 887 maxime
898 828 1105 902 praetendam
1128 830 1159 887 in
1186 831 1305 903 scriptis
1325 845 1393 902 oeta
1420 836 1477 889 toto
1504 829 1574 889 orbe
1601 830 1674 889 eali-

319 933 388 984 §nen
400 934 471 996 tent,
495 944 582 1002 quium
599 945 656 987 aaa
674 931 838 1004 adponens
855 934 1019 1005 perueniat.
1056 933 1182 1006 polliciti
1200 942 1269 990 sient
1288 948 1320 990 se
1342 931 1464 990 daturos
1485 948 1622 1007 operam,
1645 941 1676 990 nt

389 1031 422 1088 id
447 1033 541 1102 fieret.
584 1031 645 1090 Nec
670 1030 815 1091 tlutternes
837 1035 899 1107 ipse
919 1040 1011 1106 erepat
1035 1036 1065 1091 in
1087 1033 1217 1092 Lntbero
1245 1034 1475 1092 desiderandam
1504 1034 1675 1092 modestiam

389 1149 427 1191 ae
448 1134 607 1192 lenitatem.
646 1134 700 1192 sed
719 1135 793 1207 quid
813 1136 882 1206 boe,
912 1137 1020 1208 inquit,
1053 1136 1097 1194 ad
1116 1132 1261 1195 eausam?
1293 1136 1376 1196 Istue
1402 1138 1559 1195 artemiae
1579 1138 1675 1194 minus

387 1235 576 1294 cerrtneniebut
595 1238 682 1308 queri
701 1253 789 1309 queam
811 1235 849 1295 ab
870 1236 1012 1308 llutteno,
1046 1241 1098 1311 apd
1124 1255 1213 1311 uerum
1241 1238 1347 1312 ubique
1371 1239 1533 1298 contendat
1553 1237 1696 1298 Lntberi⁵

388 1354 510 1396 eausam
533 1355 595 1397 esse
616 1340 740 1410 instem,
761 1347 896 1398 sanetum
919 1356 956 1398 ac
975 1342 1072 1414 piem,
1096 1343 1226 1399 manime
1247 1341 1369 1400 debebat
1385 1342 1480 1400 trasei
1494 1342 1576 1410 eitio,
1599 1339 1679 1413 quod

320 1445 386 1495 §.eon
396 1440 593 1514 plurimorum
619 1444 732 1500 animos
761 1445 883 1502 alienat.
928 1441 963 1500 Si
982 1441 1128 1501 Lutberus
1151 1443 1188 1501 ab
1209 1445 1292 1502 initio
1312 1444 1441 1502 candide
1468 1448 1677 1515 mansuetoque

390 1544 549 1614 devenisset,
583 1543 731 1603 abstinens
752 1545 855 1604 abbis
876 1562 944 1617 ntea
967 1546 1070 1617 prima
1097 1547 1195 1618 speeie
1221 1543 1305 1616 ferri
1330 1563 1386 1604 reon
1412 1550 1572 1619 poterant,
1602 1543 1679 1601 nibil

386 1646 495 1719 sitisset
516 1648 664 1704 tumuitus.
701 1645 736 1703 Si
748 1647 822 1704 mibi
836 1658 937 1720 terque
956 1653 1118 1719 pacatorque
1130 1646 1234 1719 frater
1249 1655 1325 1706 esset
1335 1647 1496 1717 bertherus,
1518 1649 1546 1705 si
1561 1646 1676 1705 doetri-

389 1765 459 1807 nam
480 1750 559 1808 iliius
580 1755 669 1807 totam
686 1749 861 1823 probarem,
883 1765 940 1807 reon
959 1765 1075 1823 possem
1098 1767 1153 1808 reon
1177 1750 1359 1808 aebementer
1378 1748 1547 1822 improbare
1562 1754 1708 1806 taretarnn

391 1855 420 1911 in
445 1851 642 1910 asseverando
656 1853 875 1925 pertinacium,
899 1857 957 1910 tarn
982 1852 1120 1910 acerbam
1141 1852 1247 1926 ubique
1265 1860 1407 1926 puratum
1429 1851 1677 1910 maledicentiam.

322 1962 388 2013 §.ibn
401 1973 455 2014 nec
471 1955 571 2014 adbuc
584 1970 703 2028 possum
720 1957 817 2013 terrimo
835 1971 897 2013 meo
911 1954 1098 2029 persuadere
1115 1954 1224 2013 Cbristi
1236 1956 1384 2029 spiritum,
1406 1970 1462 2028 quo
1478 1953 1554 2015 nibil
1569 1954 1677 2027 mitius,

389 2059 554 2117 inleribiture
573 2065 677 2131 pectus
698 2057 786 2130 illud,
815 2058 893 2116 unde
915 2064 997 2116 atrito
1018 2063 1111 2116 seutet
1131 2059 1346 2117 etmaredentia:
1380 2066 1468 2130 atque
1493 2059 1607 2116 utinam
1629 2057 1678 2115 bic

389 2178 434 2220 rae
452 2160 549 2233 satiat
568 2175 633 2218 meu
647 2161 788 2232 suspicio:
808 2160 855 2218 ‘m
873 2160 960 2217 babet
975 2168 1005 2218 et
1022 2161 1144 2234 spiritns
1159 2159 1357 2232 Eueerepetieus
1371 2176 1455 2218 marn
1469 2158 1697 2218 stomaebum‘:·

391 2265 496 2334 teredio,
517 2262 572 2321 sed
592 2264 695 2334 alitem,
720 2280 774 2321 nec
797 2279 919 2335 respirem
939 2262 1022 2321 abest
1039 2264 1096 2320 mel
1116 2262 1194 2320 iilud
1213 2262 1371 2321 elearitatis
1391 2262 1472 2335 qnod
1491 2262 1708 2334 autumatio-u

322 2369 446 2425 §.nonnis
464 2369 549 2425 atain
570 2364 698 2423 condiat.
741 2365 836 2423 Atidio
850 2366 967 2423 Petrum
990 2365 1191 2438 irntipnantem
1210 2364 1322 2423 Simoni
1343 2367 1477 2439 ‘pecunia
1500 2372 1551 2424 tua
1574 2367 1612 2423 sit
1633 2368 1678 2423 te-

390 2487 456 2529 rma
479 2472 509 2527 in
527 2468 740 2543 perditionem:
770 2484 808 2525 an
832 2469 984 2526 existimas
1006 2468 1112 2526 tionum
1136 2467 1186 2525 dei
1198 2470 1314 2541 parari
1335 2462 1497 2541 pecuniai’
1527 2466 1583 2524 boc
1603 2482 1677 2525 con-

390 2575 488 2631 uitium
517 2572 554 2629 ab
576 2572 774 2644 apostolorum
796 2572 923 2629 omnium
945 2573 1095 2629 mitissimo
1116 2572 1241 2628 extorsit
1259 2572 1305 2627 rei
1325 2570 1503 2642 indipnitas:
1530 2568 1680 2627 sedandi

391 2691 469 2733 necne
488 2673 719 2732 condimentum:
750 2674 960 2745 paenitentiam
982 2675 1080 2746 itaque
1102 2689 1157 2747 ape
1180 2679 1210 2730 et
1229 2687 1305 2745 rapa
1331 2672 1433 2743 deum,
1465 2673 1494 2729 si
1515 2670 1598 2743 sorte
1623 2688 1676 2730 re-

322 2781 389 2831 tabi.
401 2779 533 2834 mittatur
549 2774 602 2833 tibi
621 2775 686 2834 ieoec
707 2777 847 2847 capetano
868 2772 986 2833 cordis'.
1032 2775 1069 2833 At
1082 2774 1229 2833 Lietlierns
1253 2777 1281 2832 in
1305 2772 1542 2848 arpurnentando
1560 2787 1708 2847 parcusn

389 2885 419 2937 et
439 2881 590 2950 astrictus,
617 2880 646 2936 in
665 2879 796 2936 canaitiis
818 2886 847 2936 et
865 2881 1032 2937 seornrnatis
1052 2894 1145 2950 renuere
1163 2878 1280 2935 modum
1303 2879 1383 2936 norit
1402 2894 1496 2950 neptae
1511 2878 1616 2949 stream,
1637 2876 1677 2935 ibi

389 2996 591 3055 saepenumero
610 2982 712 3038 surricis
733 2985 762 3037 et
781 2980 892 3040 solibus
912 2981 1033 3052 ludens,
1065 2981 1117 3039 ubi
1135 2997 1184 3038 res
1205 2982 1318 3039 rudiam
1336 2979 1452 3054 prabet
1477 2981 1677 3046 occasionem

390 3087 467 3143 uelut
487 3086 518 3141 in
539 3082 634 3141 libello
653 3098 738 3156 ouem
758 3085 877 3157 scripsit
897 3083 1040 3142 ndrersns
1059 3100 1157 3156 repern
1173 3083 1305 3156 Aetoliae,
1327 3083 1401 3156 quid
1415 3082 1559 3141 inuitabat
1575 3091 1608 3140 nt
1627 3082 1677 3139 di-

390 3195 486 3245 eeret:
513 3185 684 3257 ,‚i¹'enintis,
720 3185 836 3244 domine
858 3185 1002 3258 Hennae,
1035 3201 1088 3260 epo
1110 3185 1216 3243 docebo
1237 3181 1329 3244 aos?''
1361 3191 1441 3244 certe
1462 3186 1542 3258 repis
1562 3184 1678 3244 libellus

393 3289 495 3347 Latine
515 3288 701 3361 loquebatur,
723 3305 777 3346 nee
796 3290 952 3347 inerudite.
987 3296 1016 3346 et
1037 3294 1134 3346 tumen
1155 3288 1347 3362 santonibus
1367 3289 1422 3345 ista
1445 3289 1519 3346 mire
1540 3287 1709 3346 uidentures

322 3391 520 3463 §.meseonem
567 3390 705 3460 (ieceritur
720 3390 879 3463 llutonus,
902 3391 981 3465 quod
995 3407 1049 3464 epa
1061 3390 1190 3465 probini
1211 3393 1408 3465 quanticunque
1428 3407 1480 3465 spe
1500 3405 1546 3449 me
1568 3389 1676 3465 dr'spu-

391 3500 519 3553 toturum
534 3508 600 3551 cunr
613 3485 758 3563 luthero,
782 3494 952 3553 reddiderim
967 3495 1080 3552 aieimos
1091 3493 1291 3567 principibus,
1314 3499 1347 3549 nt
1361 3494 1449 3551 ueluti
1468 3492 1674 3577 redintegrato

390 3597 463 3655 betto
484 3597 669 3654 adorirentur
689 3595 834 3655 (aduersus
856 3596 1031 3665 Lutteerum,
1065 3612 1153 3670 oetion
1175 3597 1238 3669 ipse
1259 3597 1359 3669 potins
1381 3596 1543 3654 acerbitate
1565 3594 1678 3655 eatami

386 3705 525 3774 prouocet
544 3699 671 3756 orreninrn
690 3699 802 3756 animas
825 3701 854 3756 in
874 3716 949 3770 sese,
976 3706 1005 3756 et
1025 3701 1068 3756 ad
1088 3700 1255 3772 eeemptnm
1276 3715 1381 3772 caprae
1402 3696 1531 3773 Scyrice,
1559 3698 1597 3757 de
1617 3713 1675 3772 aua

391 3803 484 3861 estin
508 3799 680 3859 Graecorum
696 3800 876 3874 proverbiis,
904 3800 958 3859 boe
979 3803 1075 3874 ipsum
1097 3802 1176 3874 quod
1195 3800 1328 3859 reddidit
1348 3800 1416 3858 boni
1434 3802 1532 3870 laetis,
1557 3799 1708 3873 ferociam

322 3914 388 3964 §.naa
400 3904 549 3962 serbaertit.
591 3903 714 3960 Arrodit
732 3913 761 3961 et
782 3904 858 3961 illud
871 3903 1030 3975 Iluttenns,
1052 3904 1132 3977 quiid
1149 3899 1259 3961 niieeebi
1276 3904 1396 3977 scripsi,
1419 3905 1486 3960 ‘nan
1504 3918 1569 3961 esse
1582 3919 1675 3961 wan-

387 4009 514 4080 peticnm
537 4004 647 4064 meteriis
669 4022 706 4064 ac
726 4008 754 4062 oi
767 4022 932 4079 querendam
946 4009 976 4064 in
994 4023 1049 4065 sna
1064 4011 1165 4064 eastre
1179 4006 1371 4078 pertrabere,
1394 4020 1483 4078 ouum
1499 4006 1569 4064 olim
1586 4004 1675 4064 Cbri-

389 4112 480 4169 stinni
499 4109 626 4167 ceturint
645 4124 693 4166 eos
713 4111 765 4182 epd
784 4109 966 4169 uocabantur
987 4112 1017 4167 in
1034 4111 1217 4183 periculum,
1246 4125 1300 4166 ne’e
1318 4106 1510 4166 admittebant
1534 4108 1564 4165 in
1587 4122 1672 4166 suum

391 4212 610 4272 contuberniam
631 4214 689 4269 nisi
710 4220 811 4286 sponte
833 4214 957 4271 uolentes
979 4219 1008 4269 et
1026 4212 1198 4282 terribientes,
1226 4226 1291 4269 cum
1314 4228 1359 4270 rne
1380 4217 1419 4268 tot
1440 4209 1554 4268 artibus
1579 4211 1678 4269 conati

322 4325 389 4374 §aba
400 4318 458 4374 sint
479 4306 596 4374 irretire
616 4314 782 4372 Lutbernni
800 4315 936 4388 arrident,
960 4331 996 4373 ne
1010 4331 1125 4388 possem
1146 4310 1281 4372 resitire'.
1324 4312 1388 4371 Hac
1411 4315 1471 4372 tuit
1492 4329 1511 4370 a
1535 4329 1582 4371 me
1599 4326 1706 4372 con-ss

386 4422 487 4492 lictum
509 4419 619 4484 eitteri,
643 4419 701 4476 nisi
720 4415 877 4491 proferunt
900 4418 952 4490 qni
970 4415 1026 4475 boc
1043 4416 1181 4487 fecerint.
1224 4418 1280 4475 ima
1305 4417 1368 4490 ipse
1389 4414 1581 4488 respondeat,
1603 4413 1677 4488 qnid

390 4525 504 4597 inierint
524 4523 569 4580 ilii
589 4523 641 4593 ptri
657 4522 787 4594 primam
810 4522 891 4579 iilam
910 4522 1061 4594 epistotam
1075 4519 1203 4578 Lerdiero
1220 4521 1362 4593 sareptam
1381 4513 1585 4590 enituerunt?
1604 4515 1678 4591 quiid

390 4628 442 4699 qtri
463 4627 529 4684 laea
551 4623 688 4698 quendam
709 4622 823 4692 odiosa,
848 4639 864 4680 e
886 4623 969 4681 libris
991 4624 1061 4680 meis
1088 4622 1230 4695 decerpto
1257 4623 1336 4680 etin
1358 4623 1492 4693 lirepuam
1515 4619 1675 4678 (iuniani-

393 4778 591 4786 .———-—-.-

458 4862 478 4894 ¹¹¹
498 4858 604 4927 paulun]
624 4861 716 4911 Actor.
731 4858 801 4908 vm.
815 4858 856 4908 ⁶20.
905 4858 924 4889 ¹⁹
942 4857 1048 4924 pontu]
1070 4859 1135 4907 ibid.
1150 4874 1174 4908 v.
1186 4859 1226 4907 2³2¹.
1274 4856 1296 4889 ²7
1315 4859 1350 4907 es.
1366 4859 1477 4921 Expost.
1490 4858 1530 4917 ἐξ.
1547 4856 1603 4908 153.
1617 4854 1674 4906 206.

391 4966 448 5013 sqq.
501 4947 522 4978 ²⁹
541 4964 625 5012 enpru
644 4943 700 5010 Sea]
720 4939 769 5006 αἲξ
782 4942 902 5007 Enopiae.
922 4943 1348 5008 et'.Zenob.ll.18.e.i11terpp.
1396 4941 1414 4973 ³¹
1435 4940 1543 5008 ArronL]
1564 4943 1677 5006 Expost.

391 5037 415 5096 ξ.
431 5032 485 5083 lbl.
538 5032 559 5062 ³³¹
578 5032 704 5081 caelurint
723 5035 746 5079 5.
757 5034 780 5079 b.
834 5029 855 5059 ³³¹
874 5028 941 5094 vetit]
962 5031 1073 5093 blxpost.
1087 5032 1110 5088 ξ.
1126 5028 1181 5078 lob.
