3934 6034
527 659 727 711 CCCXXXIII.
748 676 866 712 spossus
880 676 979 711 snsssu
994 676 1136 712 nnvsasvs
1150 676 1321 712 insumamus
1335 677 1466 712 nvsrusr.
1564 650 1637 720 279

358 848 450 891 causa
471 835 565 891 sensi:
593 834 667 907 quid
692 836 719 892 si
746 835 855 894 iudicio
883 850 946 893 rneo
971 833 1155 893 subscribunt
1180 838 1267 894 etiam
1292 852 1371 895 rrurtc
1388 837 1441 909 qui
1458 837 1567 896 callent
1586 855 1638 897 eas

355 931 478 993 literas?
510 935 622 1007 Habes,
645 938 748 1004 lector,
772 937 966 1011 impudentem
986 940 1228 1012 assumptionem:
1250 955 1329 997 utrae
1350 939 1415 997 eide
1430 955 1504 1012 quas
1524 956 1632 1017 causas
1647 946 1706 995 tat.

357 1056 376 1095 a
391 1040 488 1110 linqui
516 1040 591 1095 tanti
614 1040 762 1096 crirniuis:
790 1039 910 1097 ‘urebar
936 1042 1036 1111 qlaria
1065 1040 1236 1113 Captionis,
1265 1042 1345 1113 quod
1370 1043 1505 1099 nonnulli
1526 1058 1638 1101 mecum

360 1142 414 1198 ‘illi
428 1143 522 1199 locum
538 1140 662 1205 dabant,
687 1148 717 1199 ut
729 1142 846 1215 pariter
864 1143 983 1213 linquas
1000 1143 1192 1216 pr·ouelecnti‚·
1210 1145 1346 1202 nonnulli
1361 1144 1485 1201 alterum
1511 1144 1639 1201 Germa-

338 1244 430 1300 ⁵⁶uice
449 1245 563 1300 uaricem
585 1239 767 1301 vocitabant'.
808 1243 873 1316 Epo
897 1245 949 1317 qui
971 1250 1052 1303 tauta
1072 1244 1167 1302 studio
1187 1260 1302 1318 semper
1318 1243 1388 1316 sarri
1403 1247 1512 1318 linquis
1531 1261 1568 1304 uc
1584 1246 1639 1305 bo-

355 1347 402 1403 nis
422 1346 529 1415 literis,
549 1343 635 1416 ferre
655 1361 711 1402 non
728 1352 860 1418 poteram
883 1345 1025 1404 leomiuem
1048 1347 1124 1405 idem
1144 1354 1276 1419 aperilem
1296 1347 1376 1420 quod
1395 1348 1531 1421 aqebam,
1550 1366 1637 1423 prar-

354 1448 453 1505 sertim
475 1442 625 1505 amicum?
649 1447 745 1504 Porro
764 1449 844 1521 quod
861 1448 962 1506 scribit
986 1448 1023 1506 de
1043 1450 1136 1506 attero
1160 1447 1326 1507 Gerruania
1347 1452 1443 1521 ottilo,
1466 1467 1522 1509 non
1541 1454 1704 1525 potuiilw·

355 1549 455 1622 fatcor
477 1548 585 1622 absque
605 1549 667 1606 risu
689 1551 803 1622 tepere:
831 1552 910 1608 itane
937 1548 1012 1608 milti
1038 1550 1134 1608 studio
1156 1548 1219 1621 suit
1243 1553 1363 1610 esclusa
1386 1552 1535 1627 Capnione
1557 1553 1635 1611 Ger-

355 1653 485 1709 maniam
507 1654 617 1709 luscum
640 1647 789 1709 reddere?
822 1650 891 1721 (luis
915 1654 1008 1711 nescit
1033 1669 1079 1713 me
1101 1651 1247 1726 Capnioni
1271 1653 1481 1713 candidissime
1502 1657 1636 1713 simulet

322 1755 585 1813 loconstautissime
602 1750 738 1825 fauisse?
758 1753 819 1826 Epo
840 1755 998 1812 testimonio
1014 1754 1141 1812 ominium
1162 1754 1330 1826 quibuscum
1348 1753 1543 1826 faeniliariter
1565 1759 1635 1828 alai,

354 1873 411 1914 noa
436 1855 594 1913 dubitarim
614 1871 708 1913 mores
729 1870 806 1913 meos
827 1857 871 1913 sic
892 1872 911 1913 a
933 1858 1033 1914 livoris
1055 1854 1153 1914 inorbo
1178 1872 1325 1928 asserere,
1356 1863 1388 1915 ut
1414 1875 1433 1916 a
1459 1862 1539 1918 niella
1566 1862 1633 1918 uitio

354 1960 449 2031 incipis
470 1956 571 2014 absim.
616 1956 793 2014 Aurelianae
814 1960 939 2016 etiterum
960 1957 1139 2029 rrsficlioncm
1161 1974 1244 2030 ecque
1265 1958 1435 2030 effrontem:
1458 1962 1532 2019 ‘ideo
1553 1969 1624 2019 terri·
1638 1966 1704 2016 §.tou

355 2066 423 2121 ‘tum
445 2060 540 2119 tribuo
556 2058 705 2131 Capitoni,
729 2059 808 2132 qnod
825 2060 960 2118 lairdurit
974 2075 1067 2118 neerrm
1088 2076 1192 2118 rtouum
1207 2067 1421 2132 tosianianum,
1444 2063 1635 2136 quemadmo-

355 2166 433 2223 ‘dum
453 2162 529 2234 fecit
540 2167 569 2219 et
583 2159 701 2219 Berus'.
748 2160 785 2218 b't
805 2161 1003 2219 diuersissima
1019 2165 1178 2221 connectit:
1200 2164 1256 2220 into
1277 2163 1343 2221 ideo
1361 2165 1417 2222 cito
1435 2163 1511 2223 Beni
1529 2171 1558 2223 et
1573 2165 1635 2223 Ca-

322 2267 460 2341 upitonis
480 2264 677 2346 tlreoloporum
699 2263 735 2320 cie
756 2261 834 2321 bino
856 2270 1024 2321 testamento
1046 2265 1201 2334 iudicium,
1223 2270 1255 2322 ut
1274 2265 1469 2338 tlreolaqorum
1493 2268 1637 2325 clamores

356 2368 556 2433 retumlerem,
585 2367 637 2439 qui
659 2364 734 2422 nileil
758 2353 890 2421 uolebant
909 2366 970 2438 leqi
989 2368 1048 2426 nisi
1069 2367 1106 2425 ab
1128 2369 1199 2441 ipsis
1215 2367 1384 2440 probatum.
1428 2370 1455 2427 si
1473 2370 1533 2441 leqi
1553 2369 1637 2428 debet

354 2470 435 2543 quod
455 2463 602 2541 suffraq'io
628 2466 825 2538 tlreoloqorum
845 2465 1001 2540 probatum
1022 2475 1079 2538 est,
1109 2469 1164 2526 lroa
1190 2483 1263 2541 opus
1290 2477 1357 2527 crat
1377 2487 1397 2527 u
1419 2470 1556 2543 tlrcaloqis
1577 2488 1635 2529 riou

355 2571 525 2644 uirlparibus
543 2570 713 2645 probatum,
742 2568 821 2640 qaod
840 2568 1035 2628 lovanienses
1062 2571 1188 2643 tlteoloqi
1206 2570 1397 2630 damnabant.
1442 2574 1541 2646 itaque
1561 2573 1637 2631 nibil

354 2674 550 2748 impudentius
563 2680 630 2730 erat
650 2677 702 2728 aut
723 2671 949 2744 intempestioius
967 2673 1003 2729 iis
1023 2689 1089 2744 quae
1107 2673 1254 2731 declamat
1272 2673 1309 2731 de
1329 2675 1436 2732 aliertrc
1453 2676 1560 2748 qloriee
1579 2676 1633 2733 ob-

320 2776 535 2835 ¹atreetutione.
581 2771 667 2831 alum
696 2788 763 2831 raro
788 2772 961 2831 ceruendum
988 2774 1031 2830 ad
1050 2775 1125 2832 iilud
1142 2776 1254 2833 crimen
1273 2775 1454 2834 horrendum
1475 2783 1504 2834 et
1524 2784 1622 2843 atrox,
1634 2785 1701 2835 §.¹⁰2

354 2881 437 2937 cuius
454 2875 599 2934 Iluttenus
619 2880 708 2948 uepat
726 2891 757 2932 se
777 2890 906 2948 reliquam
928 2874 1002 2933 milii
1016 2878 1147 2947 qratiam
1169 2875 1323 2948 factruam
1351 2894 1439 2951 quum
1466 2880 1504 2937 sit
1524 2880 1635 2952 alioqui

354 2979 606 3045 clcrnentissimns‚·
628 2978 690 3051 ipse
707 2976 807 3034 barret
825 2976 939 3034 dicere:
961 2979 991 3034 in
1013 2980 1134 3051 epistola
1155 2980 1284 3051 quadam
1302 2982 1345 3039 ad
1359 2980 1537 3056 Episcopum
1552 2979 1633 3052 Ros-

351 3081 465 3153 [ensem
482 3081 660 3154 Copnionem
673 3079 808 3137 insimulo
824 3078 971 3151 perfidiae.
1016 3079 1053 3137 ln
1074 3088 1133 3138 trem
1156 3082 1252 3139 atroci
1266 3080 1419 3153 facinore,
1440 3098 1541 3156 operae
1554 3098 1632 3156 pre-
1666 3133 1669 3138 .

355 3187 431 3242 cium
453 3189 497 3241 est
512 3184 578 3256 ipsa
601 3183 731 3255 epistolar
752 3195 824 3237 meae
846 3179 932 3237 uerba
953 3179 1144 3240 subscribere.
1188 3183 1321 3254 „Carum
1349 3186 1376 3241 si
1401 3201 1472 3243 uera
1494 3193 1632 3248 narrant.

318 3287 438 3359 us‚‚lnec
456 3285 534 3358 suit:
561 3300 648 3357 quam
674 3284 840 3357 periculum
869 3289 944 3340 esset
970 3299 1008 3340 ne
1033 3283 1098 3341 dira
1122 3285 1397 3358 Wertemberqensis
1417 3285 1632 3360 Studqardiam

355 3391 531 3462 ‚‚rcciperet‚
554 3386 734 3445 lleuclelinus
748 3384 857 3441 ciuibus
879 3385 990 3456 aliquot
1004 3394 1071 3444 crat
1087 3392 1187 3457 autor,
1212 3393 1243 3445 ut
1263 3389 1321 3446 alio
1335 3388 1549 3461 deraiqrareut,
1572 3390 1633 3462 ipse

355 3508 467 3563 „comes
488 3492 545 3549 illis
564 3480 695 3560 surtariis.
735 3484 939 3560 prosuqerunt
956 3487 1018 3554 illi,·
1040 3486 1221 3546 Reucblinus
1240 3496 1350 3548 mittato
1372 3491 1492 3549 consilio
1516 3492 1632 3556 mansit,

356 3610 436 3663 ‚sua’
458 3593 632 3665 supellectili
650 3591 811 3649 cousulens.
855 3588 968 3646 deinde
994 3606 1099 3648 rursus
1124 3592 1283 3664 prosliqato
1307 3592 1382 3651 duce
1407 3609 1463 3666 per
1491 3593 1633 3666 quosdam

355 3698 482 3767 „ermicos
502 3697 702 3768 impetratum,
722 3708 759 3748 ne
781 3692 871 3749 tactor
896 3693 1043 3750 exercitus
1061 3695 1177 3751 secubet
1197 3695 1227 3750 in
1250 3693 1366 3752 domum
1388 3693 1560 3765 lleucbliui,
1580 3696 1635 3753 scd

319 3802 450 3866 sueti-es
470 3799 514 3856 illi
534 3812 604 3870 quos
623 3793 792 3865 fefellerat,
820 3794 933 3851 reuersi
958 3793 1135 3852 exhibebant
1154 3796 1219 3853 seui
1237 3798 1405 3868 rrepocium;
1432 3813 1512 3855 uuae
1533 3800 1631 3856 omnia

355 3918 427 3973 „sua
449 3901 553 3958 educit
572 3899 655 3954 salua
677 3902 706 3954 et
719 3895 912 3967 lnpolestadii
925 3898 1117 3968 tranquillam
1138 3898 1201 3969 uqit
1222 3895 1337 3955 eitum.¹’
1380 3897 1531 3958 Hactenus
1552 3901 1619 3973 epi·
1633 3906 1700 3956 2¹⁰³.

353 4006 435 4061 stulte
451 4001 537 4059 rerba
557 4000 701 4058 recensui.
745 4014 824 4055 riurec
845 4012 906 4054 reru
927 4002 959 4054 ut
979 3996 1066 4055 babet
1081 4001 1188 4072 paucis
1209 4001 1327 4072 accipe,
1357 4002 1456 4059 lector.
1500 4001 1630 4060 l'rimum

354 4121 442 4178 quam
465 4105 559 4161 orreico
581 4104 679 4159 uairno
698 4099 811 4171 scierim
830 4101 860 4157 iu
882 4096 1092 4172 libaminum,
1115 4117 1172 4159 non
1195 4102 1279 4159 modo
1300 4108 1384 4160 testes
1402 4109 1470 4160 scrut
1489 4118 1562 4161 meae
1580 4105 1631 4161 la-

353 4208 549 4274 cubrutiones,
570 4219 669 4261 ricrum
687 4203 774 4259 etiam
792 4217 889 4259 omues
908 4201 1077 4274 quibuscum
1092 4201 1286 4273 familiariter
1300 4205 1370 4261 crixi.
1413 4209 1481 4263 aute
1496 4206 1632 4279 complu-

319 4316 344 4356 ³⁵
354 4327 402 4368 res
423 4325 516 4366 annos
537 4322 625 4379 quum
648 4306 780 4378 l'apuion
800 4310 956 4376 arperetur
975 4322 995 4362 a
1013 4305 1201 4379 sqcopleautis
1220 4306 1294 4377 suis,
1313 4306 1433 4379 scripsit
1452 4307 1495 4364 ad
1513 4323 1558 4365 me
1572 4314 1631 4364 tum

355 4417 488 4482 tepentem
515 4410 690 4480 innuptis,
719 4412 751 4464 ut
775 4408 938 4466 coriciliatis
964 4408 1076 4480 aliquot
1099 4409 1202 4466 amicis
1223 4408 1396 4466 innocentiae
1417 4424 1479 4465 suae
1495 4411 1631 4482 patroci-

353 4514 432 4571 nium
453 4512 640 4584 susciperem.
685 4508 733 4567 liic
748 4511 819 4582 plus
836 4511 963 4583 prastiti
981 4526 1070 4583 quam
1090 4509 1230 4582 roqabat‚·
1250 4525 1343 4582 ncque
1363 4511 1440 4567 enim
1455 4513 1547 4569 solum
1563 4511 1700 4569 illusus.

355 4617 458 4672 resultas
481 4614 600 4670 erddirsi
618 4614 647 4669 in
671 4626 799 4668 amorem
820 4612 913 4683 illius,
939 4627 1038 4669 ererum
1066 4612 1153 4668 etiam
1174 4610 1276 4670 Barna
1300 4612 1503 4671 cardinalibus
1523 4615 1634 4686 aliquot

354 4719 433 4774 illius
464 4731 585 4773 euersam
614 4713 822 4774 corrrmendari.
864 4715 940 4771 inter
966 4730 1015 4772 eas
1043 4720 1138 4772 (tutent
1167 4731 1238 4787 quos
1264 4717 1309 4775 illi
1332 4718 1525 4775 conciliarum
1552 4717 1637 4791 apud

422 4918 557 4985 ⁷9:100]
578 4917 682 4968 Erasini
703 4916 804 4965 candor
822 4932 869 4981 pro
887 4916 1065 4967 dealbatione
1086 4917 1201 4983 incoque
1222 4920 1249 4967 in
1268 4919 1440 4982 proverbium
1460 4919 1536 4994 abira
1555 4921 1633 4969 meri·

355 5011 397 5055 tus
418 5013 467 5054 est.
519 5003 539 5037 ²¹
560 5005 596 5055 cs.
610 5006 720 5069 Expost.
734 5003 772 5062 ἓξ.
785 5000 827 5052 96.
840 5018 897 5067 sqq.
