3934 6034
546 707 745 760 cccxxxlil.
760 725 880 760 srosou
893 725 996 760 sensns
1010 726 1153 762 nos'sssss
1166 725 1338 760 sorssorsss
1353 726 1485 761 aversus.
1584 698 1657 768 295

368 884 396 940 si
419 882 548 940 scribam
576 883 719 941 adoersus
743 883 919 955 Lutberum,
950 891 1039 957 atque
1065 883 1123 942 iruc
1145 899 1190 942 rue
1214 884 1360 943 bortatur.
1401 884 1462 943 Cirr
1488 887 1580 958 ipitur
1602 887 1658 947 boc

368 993 502 1057 aperilem
522 985 629 1043 talibus
643 989 771 1060 epistolis
790 981 981 1060 interpellat?
1003 989 1256 1059 ter-pieersatorem
1274 1003 1320 1045 me
1338 994 1435 1057 uocat,
1458 988 1538 1061 quod
1556 992 1657 1048 borlas

366 1090 420 1145 sim
436 1090 467 1146 ia
480 1090 626 1162 epistolis:
647 1105 687 1145 aa
708 1105 753 1147 mc
771 1092 855 1148 uellet
873 1089 977 1148 eadem
1000 1090 1043 1146 red
1063 1105 1161 1148 omnes
1183 1089 1326 1158 scribere,
1348 1092 1426 1148 reiut
1444 1089 1568 1148 eundem
1588 1095 1656 1151 cal-

366 1206 448 1248 ceum
476 1193 569 1249 cuiuis
589 1191 666 1264 pedi
693 1192 864 1263 addentem,
895 1195 1064 1266 praesertim
1086 1209 1174 1266 prtum
1197 1193 1240 1250 ad
1256 1207 1454 1266 personarum
1483 1196 1653 1253 varietatem

346 1292 495 1351 succedat
511 1300 539 1351 et
555 1310 657 1352 rerum
671 1301 699 1351 et
717 1301 878 1369 temporum
896 1291 1072 1354 diuersitas?
1094 1295 1132 1353 In
1150 1298 1204 1354 tali
1220 1311 1289 1354 aero
1309 1295 1445 1367 dissidio,
1468 1297 1498 1353 ia
1515 1302 1574 1353 tom
1592 1298 1643 1355 di·
1656 1310 1724 1359 tuot.

367 1398 458 1453 uersis
478 1396 583 1453 studiis
603 1399 656 1470 qtei
675 1399 766 1455 litari
781 1404 876 1471 potest
896 1400 966 1470 pitin
986 1398 1099 1471 oblique
1120 1399 1234 1457 scribas
1258 1393 1419 1472 quadam?
1450 1397 1536 1457 Ilicet
1559 1408 1653 1473 pree-

366 1501 480 1556 stiteral
498 1495 615 1556 tacere'.
664 1499 781 1557 Utinam
804 1501 898 1559 tstluc
919 1500 992 1557 mibi
1010 1502 1098 1558 liceat
1106 1522 1117 1568 ,¹
1147 1502 1202 1559 sed
1216 1516 1355 1575 premor,
1384 1516 1506 1573 urpeor,
1536 1501 1653 1573 obruor,

367 1608 398 1657 ut
419 1604 590 1659 accessesit
612 1618 631 1658 n
652 1618 698 1659 me
726 1602 874 1677 depellere
902 1603 1052 1660 inuidiam.
1097 1604 1209 1662 Peridus
1236 1605 1347 1676 prroties
1373 1610 1467 1660 mutat
1492 1606 1653 1662 orationem

366 1720 465 1771 stram,
488 1720 567 1762 ritenc
590 1705 758 1774 blandiens,
788 1721 867 1762 neeric
888 1705 1063 1776 obiurpaus,
1098 1722 1178 1764 nnnc
1197 1705 1369 1775 obsecrans,
1405 1721 1484 1763 reunc
1504 1707 1652 1776 minitans,

333 1808 461 1864 ¹0multa
482 1803 693 1866 dissimulans?
724 1823 781 1866 aon
810 1810 839 1866 in
870 1807 924 1865 berc
949 1813 993 1866 est
1017 1809 1229 1879 inconstantia,
1261 1810 1315 1866 secl
1343 1810 1373 1865 in
1405 1824 1493 1881 scopo
1525 1810 1578 1881 qni
1608 1809 1655 1867 ill'

366 1925 482 1983 semper
514 1911 591 1968 illem
621 1917 677 1976 est,
717 1917 863 1984 utcunque
893 1917 987 1968 mutat
1016 1926 1112 1969 oocem
1153 1917 1206 1968 aut
1236 1912 1353 1968 rosinam.
1409 1909 1522 1968 Iloceat
1555 1912 1721 1983 ptris-taor.

366 2028 454 2084 quam
481 2028 527 2069 me
554 2019 680 2088 mutasse
706 2015 880 2082 institutum,
912 2020 940 2071 ct
966 2013 1085 2071 obiiciat
1109 1999 1351 2071 inconstantiam:
1384 2029 1482 2070 nicrum
1511 2016 1577 2086 ipsa
1604 2030 1653 2071 res

365 2115 480 2171 indicat
506 2130 551 2172 me
571 2120 715 2188 perpetuo
747 2115 801 2174 boc
825 2131 916 2188 apere
944 2115 1024 2189 quod
1051 2118 1119 2174 olim
1150 2118 1277 2175 institui:
1304 2115 1435 2191 proveho
1463 2116 1555 2174 bonas
1584 2118 1652 2175 lite-

364 2233 431 2288 ras,
464 2233 502 2274 ac
531 2219 729 2289 synceriorem
762 2224 791 2276 et
822 2220 1028 2292 simpliciorem
1056 2220 1138 2277 illum
1169 2218 1343 2291 tbcolopiam
1372 2234 1432 2292 pro
1462 2218 1574 2275 viribus
1602 2223 1652 2275 in-

330 2325 480 2388 1⁵staoro,
514 2319 602 2392 idaeae
629 2321 729 2393 qttoad
755 2322 850 2379 oioam
874 2321 1015 2393 facturus
1042 2338 1120 2392 sum,
1146 2324 1206 2379 siue
1233 2323 1328 2379 amico
1354 2323 1414 2379 siue
1441 2322 1559 2379 inimico
1585 2319 1650 2377 Lu-

363 2422 459 2492 tbero‚
484 2437 568 2494 quem
592 2438 646 2494 epo
663 2438 722 2496 pro
743 2424 859 2482 bomine
879 2422 973 2481 babeo
992 2431 1021 2481 et
1040 2430 1116 2497 puto
1133 2422 1209 2495 salii
1226 2440 1312 2498 posse
1332 2430 1360 2482 et
1378 2422 1507 2494 saliere:
1536 2423 1650 2482 lutire-

362 2542 416 2582 rus
436 2540 502 2582 ceren
524 2527 640 2582 caeteris
659 2526 803 2597 transiliri,
826 2525 958 2584 Cluistus
986 2532 1085 2583 manet
1105 2528 1134 2583 in
1158 2533 1310 2585 aternum.
1362 2525 1473 2596 Quodsi
1492 2524 1639 2583 lutherus
1651 2531 1718 2580 §.²⁰³-

361 2630 469 2710 spiritu
494 2627 603 2685 Christi
628 2628 761 2699 ducitur,
786 2643 897 2702 precor
925 2634 958 2687 ut
981 2626 1113 2686 Cleristus
1139 2628 1210 2686 bene
1234 2628 1370 2700 sortuaet
1390 2628 1470 2701 qaod
1497 2630 1574 2700 opit,
1605 2630 1649 2686 sin

362 2732 472 2801 miuus,
495 2733 613 2788 miseret
631 2746 677 2787 mo
697 2730 826 2804 publica
840 2729 1029 2790 calamitatis.
1074 2729 1234 2803 Mapnilice
1250 2748 1317 2790 aero
1334 2732 1371 2790 de
1385 2734 1538 2803 utriusque
1552 2732 1651 2789 animo

325 2840 352 2880 ²⁰
356 2834 542 2907 pronunciat
561 2832 706 2892 Huttenus
714 2854 723 2890 ,·
750 2836 794 2892 nit
815 2850 860 2892 me
880 2834 1009 2892 Lutbero
1029 2849 1069 2891 ex
1088 2836 1186 2891 animo
1208 2834 1330 2892 eborum
1353 2849 1430 2905 esse,
1459 2849 1523 2891 cum
1544 2849 1599 2906 epo
1619 2834 1649 2890 ln

361 2938 442 2993 illrum
461 2937 559 2992 animo
579 2938 633 2993 sim
655 2937 841 3009 iniquissimo.
890 2935 913 2994 0
935 2951 980 2993 mc
998 2934 1141 2994 bominem
1161 2938 1325 3008 inaratam,
1349 2938 1476 3009 quinon
1498 2936 1649 2994 reclamem

361 3034 527 3096 amantem!
549 3038 587 3096 tle
608 3040 706 3095 auimo
723 3037 846 3096 Lutberi
865 3040 894 3095 in
917 3054 962 3096 me
983 3039 1057 3096 nibil
1079 3038 1127 3096 bic
1149 3038 1317 3112 disputabo,
1340 3055 1394 3097 nec
1413 3039 1561 3098 errrrsabor
1581 3040 1649 3112 epi-

359 3144 449 3198 stolas
471 3157 545 3212 pertis
563 3141 600 3198 de
621 3157 666 3197 me
683 3143 801 3213 scripsit
822 3142 883 3199 suis
907 3143 1010 3199 amicis
1031 3156 1087 3198 non
1111 3142 1270 3199 admodum
1285 3144 1394 3200 amice:
1415 3143 1445 3198 in
1461 3142 1516 3199 tali
1530 3143 1649 3213 uepocio

360 3260 418 3301 uon
440 3252 482 3301 est
502 3244 682 3316 spectandus
697 3242 821 3314 (effeetus
839 3245 990 3316 prieatus,
1013 3260 1106 3316 repete
1124 3242 1220 3315 refert
1238 3260 1326 3316 atram
1347 3245 1502 3303 conueniat
1522 3244 1649 3301 Errrsmo

323 3355 426 3405 ²⁶cum
447 3346 590 3416 Lretliero,
619 3345 673 3403 sed
699 3361 787 3418 quam
808 3347 964 3404 conueniat
988 3347 1159 3420 reipublicae
1181 3345 1360 3405 Cleristiance
1385 3363 1450 3405 crem
1474 3348 1646 3419 cennpeiica

359 3450 505 3507 doctrina.
549 3447 689 3518 *Quodsi
714 3450 856 3506 rationem
886 3449 1023 3507 baberem
1053 3453 1239 3523 priuatorum
1267 3449 1530 3520 incommodorum,
1564 3449 1717 3507 utillimos.

359 3554 454 3623 mapis
476 3552 633 3624 indipnari
652 3551 790 3609 debebam
811 3565 898 3623 aream
920 3550 1050 3611 Littbero
1076 3554 1128 3625 aui
1153 3569 1199 3611 rae
1220 3569 1354 3625 meosque
1374 3552 1464 3611 libros
1486 3558 1568 3609 tanta
1591 3552 1648 3609 de-

355 3656 496 3727 pratuuil
513 3654 640 3721 inuidia,
668 3655 775 3725 utrique
797 3654 870 3711 milei
887 3669 987 3712 omues
1005 3653 1103 3726 ferme
1123 3657 1270 3714 amicitias
1288 3656 1333 3713 ecl
1355 3655 1485 3729 disrupit
1505 3658 1550 3713 ael
1570 3656 1648 3712 nralo

355 3756 504 3828 fermento
527 3758 649 3822 uitiauit,
676 3772 731 3814 nee
758 3772 868 3829 purum
891 3759 991 3814 attulit
1011 3757 1186 3816 incommodi
1206 3757 1287 3817 bonis
1307 3759 1402 3816 literis
1423 3773 1443 3814 a
1464 3774 1510 3815 mc
1531 3773 1648 3831 semper

323 3860 505 3932 maestusr‘s,
531 3866 591 3918 lum
615 3861 729 3917 uetustis
749 3859 900 3917 electoribus
922 3874 1046 3931 quorum
1066 3862 1253 3919 autoritatem
1277 3862 1430 3919 restituere
1451 3875 1550 3918 cortor.
1595 3859 1649 3917 sed

356 3962 498 4036 qrticquid
517 3969 561 4019 est
578 3962 752 4025 lrrtmauum.
772 3961 1002 4036 postlmbcndum
1025 3968 1083 4034 est,
1104 3963 1156 4021 ubi
1174 3964 1275 4036 apitur
1294 3963 1332 4020 de
1349 3964 1449 4035 pluria
1466 3960 1575 4019 Cirrisli
1591 3961 1647 4018 de-

356 4083 413 4137 que
435 4067 613 4140 synceritate
633 4065 707 4135 tielei
723 4065 891 4135 catlrolica’,
919 4066 969 4122 cui
996 4066 1108 4123 retinam
1127 4065 1276 4124 Lutlrerus
1296 4067 1341 4123 cel
1363 4066 1456 4137 preibis
1477 4065 1554 4122 alites
1572 4079 1646 4121 con-

355 4169 493 4226 suluisset
504 4174 533 4225 et
546 4167 688 4224 librorum
702 4183 831 4225 meorum
849 4177 877 4224 et
888 4166 1079 4238 fortunarum
1096 4169 1223 4226 omnitun
1239 4176 1268 4225 et
1287 4167 1374 4225 buires
1392 4166 1518 4237 dertitpue
1539 4167 1645 4240 cupitis

355 4273 483 4328 iactura.
507 4270 651 4328 aunuum
667 4268 745 4328 unde
760 4272 838 4327 uouit
852 4268 998 4328 lluttenus
1015 4269 1088 4342 ataid
1101 4271 1194 4326 animi
1206 4269 1315 4327 babeat
1327 4268 1472 4327 Lutbcrus
1484 4284 1558 4340 erpa
1569 4265 1635 4327 me?
1647 4275 1713 4324 taos.

320 4372 409 4431 :osu
425 4380 573 4446 compotor
593 4374 738 4445 ateispiam
764 4374 810 4430 illl
832 4373 944 4442 retulit,
967 4379 997 4429 et
1023 4373 1072 4430 iile.
1093 4372 1208 4431 aeratae
1231 4389 1272 4429 ex
1299 4374 1373 4444 alio,
1401 4387 1506 4429 rursus
1534 4373 1583 4428 ille
1605 4388 1645 4429 ea

355 4477 431 4541 alio;
446 4483 534 4546 atum
550 4477 591 4530 ita
607 4490 662 4547 per
678 4476 782 4547 eipinti
798 4473 969 4545 transfusus
984 4490 1088 4533 rumor
1104 4475 1147 4531 ad
1163 4477 1258 4549 ipsum
1278 4477 1427 4549 pertenit:
1446 4488 1487 4531 ex
1504 4473 1550 4530 lu's
1569 4490 1644 4531 con-

354 4579 428 4635 tealt
440 4577 560 4634 libellos.
605 4575 703 4635 s'ine'to
721 4579 791 4650 plen
810 4579 888 4635 uouit
901 4593 957 4650 prro
974 4578 1079 4635 auimo
1090 4593 1144 4649 epo
1162 4580 1215 4635 sim
1234 4580 1263 4635 ia
1280 4576 1457 4637 ertberum:
1480 4576 1543 4635 ‘sed
1557 4592 1634 4635 nomm
1647 4588 1713 4637 §.uu

422 4813 433 4845 ²
451 4811 543 4878 vocat]
563 4815 675 4879 Expost.
689 4816 712 4873 §-
729 4813 785 4863 lob.
833 4813 843 4844 ³
863 4811 968 4878 eadam]
990 4816 1069 4878 quasi
1088 4830 1140 4864 nou
1160 4815 1351 4865 diversissima
1370 4816 1429 4864 sine
1449 4815 1533 4863 animi
1553 4815 1644 4863 iucem-

353 4902 472 4962 stnntin,
498 4901 558 4948 sino
579 4900 723 4949 calumniis
743 4903 770 4946 et
790 4898 995 4948 adulationibus
1018 4901 1102 4949 scribi
1122 4907 1242 4966 possent.
1313 4899 1335 4931 ²⁰
1354 4898 1404 4964 ait]
1423 4902 1536 4965 Expost.
1550 4905 1573 4959 ξ.
1586 4901 1644 4948 tot.

352 4987 376 5018 ⁸⁰
394 5001 507 5051 quarum
521 4989 545 5033 1.
559 5003 614 5050 sqq.
667 4983 689 5014 ³⁶
708 4982 856 5049 compotor]
876 4986 918 5033 lie
937 4986 1001 5035 vino
1020 4986 1101 5035 avide
1113 4987 1253 5037 lluttenus
1265 5002 1415 5051 nunquam,
1436 4988 1566 5037 Erssnms
1579 4985 1645 5036 mul-

354 5074 392 5122 tis
412 5072 480 5121 locis
500 5072 578 5135 qumi
596 5070 711 5135 pusillus
729 5070 828 5119 Furius
846 5071 997 5121 Bibaculus
1015 5071 1135 5137 scripsit.
