3934 6034
470 693 601 744 coctu.
616 707 718 742 anassu
734 707 795 742 nor.
811 707 847 743 an
861 706 973 743 uenerit
988 707 1131 743 taratara
1145 708 1186 745 ar.
1201 708 1226 743 n.
1243 701 1261 742 1.
1274 708 1354 744 rann.
1370 700 1427 744 teat.
1518 675 1584 749 171

304 888 385 945 qrraun
408 869 541 942 gregatim
564 886 594 925 ac
617 868 776 942 plerumque
799 868 900 938 ignoto
924 867 1014 923 nullus
1036 885 1154 942 unquam
1177 869 1246 942 apud
1269 886 1311 923 me
1334 870 1474 942 professus
1496 878 1538 924 est
1560 887 1590 925 se

304 956 488 1011 lotheramnn
512 972 587 1014 esso,
612 973 660 1009 nec
683 954 747 1009 milri
770 954 862 1008 «lartum
885 961 927 1007 est
949 954 1091 1024 negocium
1115 954 1165 1009 lmc
1182 953 1348 1026 inquirendi.
1373 963 1399 1010 et
1414 954 1519 1009 divinus
1534 971 1589 1010 nnn

305 1060 379 1101 sinn.
415 1058 502 1113 trisque
534 1040 597 1094 milri
626 1040 767 1112 tpnsquam
795 1038 847 1092 linc
875 1038 982 1092 nornine
1012 1048 1092 1093 nutus
1121 1046 1166 1093 ant
1193 1040 1395 1096 eonnucmlatus
1417 1057 1477 1095 esse
1499 1040 1589 1113 coepit,

306 1128 379 1201 qnod
400 1126 570 1181 Lutlremnus
593 1132 674 1179 esset¹
719 1126 786 1178 Ante
810 1140 888 1195 spiram
911 1123 1051 1177 dissidium
1074 1124 1124 1179 hoc
1145 1124 1283 1198 laurusque
1299 1125 1505 1186 incrudesceret,
1529 1143 1589 1180 cum

278 1212 432 1268 ⁵omnilros
455 1212 538 1265 ferrue
561 1209 710 1264 Germaniae
733 1209 819 1263 doctis
843 1207 971 1262 habebam
995 1208 1141 1264 literarium
1169 1209 1326 1269 arrricitiam.
1355 1211 1419 1266 milri
1442 1227 1506 1266 sane
1529 1228 1589 1283 per·

306 1316 386 1372 <priam
408 1297 563 1351 iucundam:
597 1295 693 1349 lrormn
717 1292 840 1348 nonnulli
863 1293 1028 1348 refrixerunt
1058 1293 1083 1347 in
1113 1312 1167 1355 me,
1201 1294 1307 1367 quidam
1337 1313 1450 1368 prorsus
1480 1295 1588 1350 alienati

306 1391 385 1442 sunt.
409 1400 457 1436 nec
478 1382 575 1436 slesrmt
600 1381 645 1452 qui
668 1397 697 1433 se
719 1378 807 1452 palam
830 1378 924 1433 hostes
947 1378 1126 1450 profiteantur
1148 1388 1174 1433 et
1198 1380 1306 1435 esitium
1328 1381 1499 1436 ‹lunoueient
1543 1380 1656 1439 tia-§.m

306 1468 400 1524 belnam
424 1468 486 1522 item
509 1484 568 1522 emo
592 1464 683 1519 uuiltis
705 1464 940 1524 consuetudinem.
975 1463 1020 1535 qui
1043 1481 1113 1519 rrirm·
1142 1465 1267 1520 saniores
1297 1474 1360 1520 sunt
1390 1467 1415 1521 in
1443 1467 1589 1521 lotherum

307 1571 386 1626 qnam
410 1550 517 1611 vellem,
542 1552 595 1605 imo
618 1567 696 1621 quant
720 1549 825 1622 expedit
850 1548 901 1621 ipsi
923 1566 1026 1604 causae:
1056 1566 1104 1604 uec
1133 1549 1192 1605 ideo
1215 1549 1360 1606 submoveo
1383 1568 1535 1624 quenquam
1558 1550 1590 1606 ab

273 1638 420 1694 ttanucitia
444 1654 515 1696 inea.
540 1637 561 1690 si
585 1633 665 1708 paule
689 1634 851 1707 propensior
873 1642 915 1688 est
938 1634 963 1688 in
988 1634 1148 1695 lmtlrermn,
1172 1652 1220 1691 nec
1243 1635 1301 1691 ideo
1323 1637 1451 1692 renoncio
1466 1636 1590 1709 citimum

306 1723 463 1782 arriieitiarn.
497 1722 518 1775 si
542 1720 660 1776 ferocior
682 1729 724 1774 est
747 1720 772 1773 in
796 1719 957 1779 lmtlrerum,
994 1737 1076 1791 epirum
1099 1729 1212 1792 uterque
1235 1721 1306 1793 qnod
1331 1721 1407 1782 facit.
1438 1721 1509 1776 lirino
1532 1728 1590 1776 stu·

306 1809 351 1863 ilio
374 1807 469 1862 faeiat:
493 1806 531 1861 sic
554 1806 623 1860 enim
649 1805 815 1878 interpretor
831 1821 913 1877 quarm
930 1804 955 1858 in
972 1805 1057 1859 audeo
1082 1812 1137 1859 tum
1153 1805 1179 1859 in
1195 1806 1252 1861 viro
1268 1822 1322 1861 nou
1338 1805 1416 1862 malo.
1454 1806 1590 1862 Venerunt

308 1893 436 1949 Basileam
459 1910 528 1965 (piros
551 1892 625 1946 aiunt
648 1897 789 1963 suspectos
812 1890 884 1962 qrtod
908 1889 1025 1943 sentiant
1046 1907 1106 1944 enm
1121 1890 1256 1947 luthero:
1280 1890 1330 1946 lroc
1346 1900 1433 1947 totum
1450 1891 1513 1946 mihi
1530 1890 1590 1947 volo

309 1979 448 2052 imputari,
472 1979 494 2033 si
519 1976 558 2031 rel
582 1994 651 2031 irritis
674 1992 715 2030 me
731 1983 842 2030 vocante
859 1974 909 2029 lmc
926 1992 986 2029 sese
1001 1974 1130 2036 contulit,
1155 1984 1182 2030 et
1203 1975 1253 2031 nim
1269 1976 1338 2049 apml
1354 1978 1454 2032 amicos
1471 1976 1536 2032 satis
1552 1985 1591 2031 te·

274 2073 396 2118 restanus
412 2082 470 2118 sum
486 2063 536 2117 lroc
557 2061 621 2116 milri
643 2060 815 2115 veliementer
835 2077 895 2114 esse
917 2059 1070 2115 molestum.
1109 2061 1204 2132 rpiteulsi
1227 2061 1273 2133 qui
1295 2079 1355 2117 sese
1376 2062 1427 2117 lruc
1447 2062 1591 2117 conferunt

308 2150 387 2204 liuius
403 2157 449 2204 aut
465 2147 536 2201 illius
553 2146 690 2206 factionis,
708 2162 759 2217 qna
776 2144 866 2199 fronte
882 2162 923 2198 mc
942 2145 1079 2207 incusant,
1097 2146 1142 2218 qni
1155 2145 1264 2201 llasilrm
1280 2164 1328 2202 nec
1344 2156 1437 2202 custos
1453 2166 1511 2203 sirm
1528 2164 1591 2221 por·

308 2245 393 2290 tarum
412 2251 459 2288 nie
475 2232 559 2286 ullum
574 2249 640 2303 gero
656 2231 862 2302 niagistraluml
885 2229 946 2284 l'uit
970 2229 1012 2285 liic
1028 2230 1161 2286 lluttenus
1185 2249 1329 2304 paucorum
1350 2233 1454 2288 dierum
1475 2232 1658 2305 liospes;§.et.

308 2321 415 2374 interim
431 2333 481 2373 nec
498 2316 542 2371 ille
559 2335 600 2371 me
616 2317 694 2377 adiit.
711 2333 760 2370 nec
775 2333 827 2386 ego
844 2314 933 2376 illmu;
956 2323 983 2369 et
1000 2323 1087 2370 tannen
1104 2316 1126 2370 si
1143 2334 1185 2371 me
1200 2316 1382 2378 convenisset,
1407 2335 1461 2373 non
1477 2317 1592 2391 repulis-

309 2423 364 2459 sem
380 2403 516 2459 lmmiuem
532 2420 546 2456 a
561 2400 713 2474 colloquio,
737 2409 855 2455 reterem
877 2400 991 2455 auricrnn
1012 2407 1039 2472 et
1060 2401 1137 2455 cuius
1159 2402 1295 2474 ingenium
1311 2402 1378 2458 inire
1394 2402 1502 2458 felinae
1517 2402 1592 2457 lesti-

271 2500 369 2543 aorunr
386 2489 465 2543 etiam
486 2504 556 2541 nnnc
579 2504 632 2540 non
656 2504 766 2559 possum
789 2502 843 2539 non
863 2502 966 2540 afflare:
990 2503 1050 2540 nam
1074 2487 1096 2540 si
1120 2487 1183 2559 quid
1202 2485 1240 2541 illi
1262 2496 1393 2560 praetcrea
1414 2488 1518 2561 negocii
1541 2494 1591 2547 est.

307 2574 374 2629 nilril
398 2575 429 2629 ad
453 2590 493 2627 me
517 2571 648 2645 pertinet:
672 2572 717 2625 sed
741 2570 866 2643 «pisciniani
890 2587 938 2625 nec
961 2569 1006 2625 ille
1030 2570 1064 2625 oli
1087 2572 1223 2627 adversam
1241 2570 1418 2629 valetudinem
1434 2581 1541 2646 poterat
1556 2571 1589 2628 ab

308 2659 481 2732 ln'pueaustis
504 2656 612 2717 abesse.
636 2673 685 2710 uec
707 2673 759 2725 een
782 2656 869 2714 ferre.
894 2656 992 2710 factum
1014 2665 1056 2710 est
1073 2664 1102 2711 ut
1118 2665 1214 2711 rreirter
1228 2656 1342 2713 alterum
1359 2658 1463 2713 viderit.
1507 2658 1658 2713 ‹non-§.es

309 2745 433 2816 lrrrrgius,
457 2741 590 2797 l'raneisei
614 2758 714 2813 genter.
738 2741 779 2795 lis
802 2757 844 2795 ine
866 2742 1007 2795 comenit:
1030 2741 1107 2796 cuius
1131 2741 1235 2797 indoles
1250 2751 1277 2797 ct
1293 2744 1382 2798 oratio
1397 2760 1439 2799 me
1453 2743 1592 2799 certemi·

309 2848 367 2884 rum
389 2830 416 2885 in
441 2829 547 2883 nitidum
570 2826 728 2887 delectarit;
751 2824 894 2881 declaravit
916 2826 988 2881 cuim
1011 2826 1146 2882 liormnenr
1169 2826 1317 2900 simplicem
1340 2829 1448 2901 focique
1463 2828 1591 2888 nescium.

271 2926 404 2987 esrrragno
428 2923 514 2969 laisneo
539 2912 648 2983 ingenio
671 2911 821 2984 pranlitum.
866 2910 912 2964 sed
937 2911 987 2966 lioc
1009 2911 1176 2984 colloquium
1199 2929 1248 2967 nec
1269 2911 1381 2984 longum
1406 2913 1457 2968 fnit
1479 2931 1529 2969 nec
1549 2930 1592 2969 ea·

308 3001 362 3055 ruit
389 2999 510 3054 testibus.
557 2997 660 3052 laistei
689 2997 824 3051 Lotlrerus
853 2995 959 3050 adesset
989 2997 1061 3068 ipse.
1097 2996 1212 3051 lilreuter
1233 2998 1373 3053 miscerem
1395 3016 1455 3054 cum
1484 2998 1592 3053 lromine

307 3085 486 3158 eidloquimn.
510 3091 630 3137 airrauter
652 3090 679 3135 et
702 3081 785 3136 lilrere
808 3079 960 3135 moniturus
983 3098 1043 3134 euru
1066 3081 1098 3135 de
1122 3080 1226 3142 rrndtis.
1251 3084 1355 3138 tarrretsi
1378 3101 1440 3139 sero
1456 3083 1590 3144 fortassis,

308 3171 358 3225 nisi
389 3170 461 3242 ‹prrinl
491 3169 561 3222 iuxta
587 3167 700 3221 Paulum
731 3166 819 3220 urrinia
848 3174 940 3238 sperat
968 3165 1119 3220 illnistiana
1147 3167 1272 3221 charitas.
1316 3169 1364 3223 Odi
1393 3168 1532 3224 dissidium
1561 3176 1658 3225 uisu.

309 3273 361 3309 mm
385 3255 456 3308 aliinl
480 3252 577 3307 nralmn
600 3268 690 3324 eripite.
715 3268 768 3305 nou
792 3258 897 3305 tantum
919 3268 950 3304 ex
973 3250 1095 3306 doctrina
1118 3262 1145 3307 et
1169 3251 1339 3309 institutione
1362 3254 1474 3315 illinisti,
1501 3271 1592 3309 rerum

273 3340 388 3394 aretiam
413 3337 517 3394 occulta
540 3338 652 3410 qrradmn
674 3344 777 3391 natura
800 3336 832 3389 ri.
878 3352 932 3408 quo
961 3337 1047 3406 inagis
1074 3336 1224 3392 discrucior
1250 3347 1378 3411 reputans
1401 3339 1451 3394 lroc
1474 3337 1593 3394 seculum

308 3425 346 3479 sic
376 3425 493 3496 nimique
517 3423 705 3476 fermentatum
728 3429 755 3475 et
779 3420 892 3495 prddieis
914 3430 941 3475 et
964 3421 1075 3494 privatis
1099 3422 1181 3483 odiis,
1211 3430 1240 3477 ut
1267 3423 1309 3477 rix
1339 3442 1451 3497 usquam
1474 3424 1510 3478 sit
1532 3440 1593 3496 syn·

307 3528 375 3564 cora
398 3509 521 3563 anneitia·
545 3507 702 3579 vestigium:
732 3525 780 3561 rue
802 3506 852 3561 lius
875 3523 963 3561 arnme
986 3505 1048 3561 licet
1071 3524 1139 3579 qnos
1161 3507 1335 3563 meritissimo
1357 3526 1444 3569 arnas.
1468 3526 1517 3564 uec
1538 3507 1594 3563 ulla

308 3595 398 3650 anstrudi
423 3594 500 3667 plaga
524 3602 598 3647 raeat
620 3592 700 3647 lmius
723 3591 784 3646 rrrali
807 3591 943 3661 contagio.
988 3590 1073 3646 altera
1096 3609 1158 3665 pars
1180 3594 1315 3648 conternni
1338 3610 1392 3648 non
1423 3602 1527 3666 potest,
1556 3593 1593 3648 al·

310 3689 365 3734 tera
394 3678 530 3735 cuiuemui
562 3696 615 3732 mm
639 3678 708 3738 mlt,
738 3687 852 3751 utraque
875 3676 980 3731 violetur
1003 3677 1024 3731 si
1047 3694 1101 3732 uon
1126 3677 1151 3732 in
1176 3695 1238 3739 ore.
1269 3688 1342 3734 certe
1365 3680 1391 3734 in
1413 3688 1525 3752 pectore
1548 3680 1593 3733 lra-

273 3766 373 3820 ³5liere
390 3764 558 3820 llonrericum
575 3762 649 3817 illnd.
693 3771 721 3817 et
736 3764 806 3818 lrarrd
823 3762 878 3818 scio
901 3780 934 3817 an
957 3761 1087 3817 alterutra
1111 3763 1198 3834 possit
1221 3764 1352 3837 opprimi,
1375 3764 1433 3818 siue
1456 3764 1530 3837 grani
1547 3763 1594 3818 lin·

308 3868 401 3906 uarum
432 3850 511 3905 etiam
536 3866 626 3903 rerum
649 3848 741 3902 ruina:
773 3848 915 3903 necerim
938 3846 1031 3919 negari
1055 3855 1160 3920 potest.
1191 3849 1255 3921 quin
1278 3849 1362 3903 nudta
1385 3849 1521 3904 monuerit
1544 3850 1594 3904 lm·

309 3937 402 3991 tlreros
429 3953 489 4008 (pirae
517 3933 618 4005 corrigi
649 3934 684 3988 sit
713 3934 739 3987 iu
769 3951 825 3988 rem
847 3933 1026 3988 lllrristiauam
1049 3950 1161 4005 qairroue
1184 3935 1299 3988 rnnndos
1321 3934 1422 3989 iliirtius
1445 3934 1515 3988 ferre
1538 3951 1591 3988 ticin

309 4029 423 4094 poterat.
468 4022 556 4092 Atque
578 4019 606 4073 iu
629 4019 696 4073 lione
720 4019 825 4091 (pridem
849 4017 981 4091 pulrlicam
1006 4019 1079 4072 erlris
1103 4026 1289 4092 tempestatem
1312 4020 1378 4074 satis
1395 4018 1539 4074 infeliciter
1554 4019 1661 4078 iti-§.oa

307 4106 372 4161 cidit
395 4107 451 4160 lure
474 4114 539 4159 artas
563 4122 633 4165 rrrea,
656 4104 699 4159 cui
724 4104 773 4158 iam
797 4102 869 4157 velut
891 4103 1011 4158 cineritar.
1033 4103 1162 4158 deliratur
1185 4105 1289 4165 ocimu,
1313 4104 1437 4159 froitumu
1460 4104 1529 4159 sicot
1547 4120 1594 4176 par

273 4196 367 4245 terrai
391 4191 513 4263 pristinis
537 4190 687 4243 stmliorum
711 4188 863 4242 laboribus:
888 4187 982 4243 saltem
1007 4186 1099 4244 liceret
1122 4189 1200 4243 liuius
1216 4188 1313 4245 falmlae
1328 4198 1509 4262 spectatorem
1525 4206 1593 4249 esse.

309 4277 460 4349 praesertim
484 4292 566 4348 nuum
590 4284 616 4329 et
641 4275 698 4346 ipse
722 4274 771 4328 sim
796 4273 937 4328 inidoneus
960 4273 1072 4334 lrislrio.
1097 4282 1123 4327 et
1148 4282 1200 4328 tarn
1223 4273 1299 4328 irrirlti
1323 4274 1440 4345 undique
1464 4274 1536 4328 ultro
1553 4291 1594 4328 se·

308 4371 362 4416 oret
386 4361 509 4432 inponant
533 4361 558 4413 in
583 4359 762 4432 proscenium.
808 4358 906 4413 Verum
929 4359 954 4413 id
979 4375 1033 4432 ipro
1056 4359 1144 4413 nririus
1163 4358 1254 4419 liceat,
1277 4359 1405 4431 utrinque
1422 4357 1515 4413 sedulo
1531 4376 1594 4432 pro·

307 4456 428 4501 curatum
452 4453 507 4504 est.
530 4444 593 4500 drun
618 4444 644 4499 in
667 4444 715 4500 liac
738 4450 814 4516 parte
838 4452 901 4498 sont
924 4444 970 4517 qui
995 4464 1035 4499 nro
1058 4443 1173 4517 primum
1198 4444 1301 4498 technis
1316 4442 1464 4517 prolicere,
1487 4461 1549 4498 inor
1569 4443 1593 4498 ri

308 4550 403 4606 rapere
434 4531 543 4585 student
573 4531 597 4584 in
629 4547 675 4583 sim
703 4538 805 4591 castra3
834 4547 928 4584 rursus
952 4530 978 4583 in
1001 4529 1085 4584 altera
1108 4533 1185 4602 pente
1207 4537 1270 4583 sont
1292 4529 1338 4602 qm
1361 4528 1447 4583 mmlis
1469 4528 1594 4583 ornnilms

360 4714 425 4757 ¹⁷¹t‘t·
442 4716 494 4763 llir.
508 4714 584 4763 locos
598 4717 651 4769 cst,
666 4728 720 4760 non
734 4727 832 4772 caiisa,
848 4712 917 4760 unde
931 4713 1027 4760 statim
1041 4712 1162 4760 exoritur
1174 4711 1339 4772 incendium,
1353 4710 1520 4760 litterarium
1534 4711 1594 4761 bel-

307 4800 369 4848 lum.
406 4797 457 4829 ²²³³
476 4798 706 4862 Crombergiusd.
742 4795 1093 4861 ²³Franciocilb'ielsingii.
1128 4795 1150 4827 ’ὃ
1169 4797 1246 4846 Paul.
1262 4813 1304 4861 ep.
1318 4797 1339 4845 1.
1354 4796 1388 4844 ad
1402 4795 1463 4845 Cor.
1478 4795 1554 4845 XIII.
1568 4797 1592 4846 7.

306 4885 328 4915 ³³
342 4888 418 4935 llom.
434 4884 509 4949 illud]
525 4884 605 4948 qrrid'?
624 4885 753 4932 Erasmus
771 4898 824 4931 non
843 4883 919 4931 dicit.
956 4882 998 4930 sic
1017 4883 1131 4931 innuere
1151 4886 1178 4931 el
1196 4881 1304 4930 doctius
1322 4881 1469 4930 ridebatur
1482 4886 1510 4930 et
1522 4898 1594 4931 com·

307 4972 411 5019 modios
430 4975 490 5019 crat
507 4977 537 5017 nt
554 4982 768 5033 ‹pioquorersum
788 4967 921 5032 explicari
940 4971 1040 5031 posset.
1076 4968 1113 5016 Et
1131 4966 1200 5017 illud
1219 4966 1316 5015 ‘altars
1334 4982 1398 5030 pars
1455 4969 1594 5018 contemni

307 5072 359 5105 non
384 5055 449 5105 rult'
474 5056 631 5119 ambiguum
650 5053 739 5118 magis
758 5067 838 5116 quain
857 5053 938 5102 inane
958 5067 1019 5102 esse
1038 5051 1155 5102 ridetur.
1207 5050 1229 5084 θ’
1248 5052 1402 5103 debebatur
1420 5054 1517 5119 qu.
