3934 6034
538 701 736 752 cccxxxln.
757 717 876 753 saonam
889 718 991 753 anessa
1005 718 1148 755 nnvsnavs
1161 719 1333 755 Αεηιιοηιεε
1347 721 1477 756 siveram.
1579 691 1652 762 277

367 876 468 932 citiam
487 876 602 948 pleicani
626 877 687 949 ipse
707 876 828 935 liaberet
848 871 976 935 aelium?
1002 875 1140 935 Liilcrum
1168 885 1211 935 est
1231 877 1361 936 liuttena
1382 894 1486 937 amare
1508 895 1579 953 pilos
1599 896 1653 951 epo

366 994 423 1034 non
444 994 523 1045 linio,
550 986 578 1034 ct
597 978 693 1035 odisse
712 995 784 1051 pilas
805 995 857 1053 epa
879 977 988 1051 diiipo:
1014 979 1091 1036 idem
1113 982 1158 1036 ius
1179 996 1294 1053 nequeam
1315 987 1407 1039 estet
1427 982 1500 1039 milii
1518 983 1649 1041 concedi.

366 1078 564 1137 t'lnislianum
585 1087 629 1137 est
648 1096 713 1136 cum
734 1082 814 1137 resilio
836 1082 1003 1137 mortalium
1023 1079 1131 1138 liabere
1144 1082 1332 1146 sinndtntem,
1352 1083 1511 1142 hermanum
1525 1092 1568 1142 est
1581 1101 1646 1141 eam
1657 1088 1717 1138 §.ss

363 1183 391 1237 si
410 1181 538 1248 incidat,
569 1184 694 1240 cieiiiler
714 1198 857 1240 exercere
878 1189 907 1239 et
933 1197 1022 1255 φησιν
1046 1184 1178 1255 primum
1199 1184 1267 1241 lieet
1292 1185 1448 1257 deponere,
1494 1186 1531 1243 Et
1552 1192 1649 1244 tamen

338 1299 418 1340 saec
440 1299 562 1356 uspiam
583 1289 716 1342 assentur
735 1283 924 1354 Hoclistrato,
955 1300 1009 1342 nec
1031 1286 1190 1344 amicitiam
1213 1302 1278 1343 erim
1302 1288 1352 1344 illo
1371 1289 1462 1358 sarsi,
1495 1305 1550 1345 nee
1573 1286 1650 1345 Hat-

363 1393 459 1442 lenam
482 1388 540 1444 ulta
556 1393 648 1458 paeto
666 1388 796 1459 praeteri
812 1394 865 1444 aret
884 1388 959 1444 tasi.
1005 1387 1098 1459 Alam
1119 1386 1181 1457 ieie,
1207 1389 1234 1445 si
1252 1387 1348 1446 Masis
1366 1391 1480 1461 placel,
1510 1390 1652 1448 iudicarit

363 1490 558 1560 tempestiuum
580 1497 712 1547 tractare
730 1491 824 1546 loeium
844 1503 1023 1545 communem
1044 1488 1082 1545 de
1102 1505 1157 1545 nem
1174 1490 1341 1548 simulatitio
1353 1492 1383 1547 in
1398 1493 1541 1561 amicilia,
1565 1494 1652 1564 precisi

363 1592 484 1647 ridetur
511 1593 640 1649 amicitia
661 1592 689 1648 si
710 1590 915 1649 llaclislratam
937 1589 1050 1661 antipae
1078 1596 1209 1648 tractem.
1252 1591 1312 1648 Cur
1338 1608 1393 1650 non
1421 1593 1524 1650 eadem
1540 1609 1646 1667 ,opera

361 1692 553 1763 reprehendit
568 1701 597 1751 el
611 1693 775 1767 Zopyrum,
797 1692 876 1765 ailad
896 1707 953 1749 nan
975 1693 1150 1764 simpliciter
1169 1709 1199 1749 se
1212 1696 1336 1765 cesserit
1349 1694 1434 1767 aprted
1446 1692 1648 1768 Babylonios?

328 1809 352 1846 m
364 1794 430 1852 iarn
452 1810 520 1853 nera
538 1797 649 1853 crimen
671 1797 791 1853 crineini
815 1793 891 1852 uelut
910 1796 1002 1850 linum
1024 1795 1085 1852 lino
1104 1796 1256 1852 connectit.
1296 1793 1333 1852 In
1360 1797 1481 1868 epistola
1501 1796 1544 1854 ad
1562 1796 1715 1855 Lau-§.su

361 1898 458 1953 riuum
480 1913 577 1970 nuper
598 1898 687 1955 aidila
712 1913 805 1955 narro
823 1913 880 1970 per
908 1895 1050 1968 quosdam
1072 1910 1218 1953 rumorem
1244 1895 1341 1966 fuisse
1361 1914 1514 1971 sparsum,
1543 1898 1647 1957 Hocle-

360 2004 484 2055 stratnm
509 2001 538 2055 in
561 1998 729 2057 Bralmnlia
751 2000 897 2057 exussisse
918 1997 1008 2055 libros
1028 2013 1123 2063 meos,·
1150 1998 1183 2054 id
1201 2000 1379 2072 interpretor
1398 1999 1514 2071 faelium
1536 2002 1574 2057 nli
1602 2001 1648 2059 leis

360 2101 412 2172 qai
432 2100 490 2158 lrac
510 2101 615 2158 iccium
637 2107 817 2159 satiarentur
838 2116 883 2157 me
901 2114 1082 2173 propalare,
1116 2105 1148 2157 at
1171 2103 1274 2172 palam
1303 2101 1457 2160 inrelierer
1486 2104 1515 2160 in
1543 2102 1646 2161 Haci-

359 2209 504 2264 stralum:
537 2219 574 2260 ae
595 2220 632 2260 ne
652 2204 761 2261 laedam
783 2217 881 2260 amnes
906 2202 957 2275 quei
979 2199 1089 2272 sacrent
1111 2201 1250 2270 ludicro,
1279 2203 1360 2261 addo
1387 2219 1433 2262 me
1454 2206 1568 2263 nescire
1589 2222 1646 2278 prro

328 2306 477 2381 innomine
498 2304 617 2363 debeam
640 2320 688 2362 eos
710 2306 879 2377 appellare,
907 2304 1093 2361 arltnmuliis
1115 2306 1216 2361 ttoairri
1236 2304 1436 2363 erliieranas:
1459 2302 1550 2364 *sient
1568 2309 1644 2365 enim

360 2390 412 2479 qui
432 2407 486 2465 iioc
509 2410 625 2465 nomine
646 2406 902 2470 commendantur,
936 2421 1024 2478 qteum
1053 2404 1128 2462 rtiiiil
1153 2408 1249 2464 minus
1274 2409 1333 2465 sint
1358 2424 1447 2480 aream
1472 2407 1643 2481 lutherani,

356 2506 492 2579 factiosi,
515 2510 638 2578 indocti,
659 2509 782 2582 stupidi,
811 2510 899 2566 maia
920 2509 1000 2572 title,
1027 2507 1245 2579 obtrectatores,
1273 2509 1349 2567 riiiiil
1369 2508 1506 2568 linientes
1523 2509 1647 2569 liutheri

359 2613 418 2668 nisi
436 2611 516 2684 ailad
535 2611 715 2668 maledicunt
740 2612 874 2683 pontifici
899 2608 1042 2668 Romana.
1087 2609 1150 2668 llos
1176 2616 1264 2669 lotum
1292 2611 1437 2669 Ilullenns
1464 2614 1525 2670 miii
1551 2628 1570 2669 a
1599 2624 1712 2674 locum.

359 2715 514 2783 carisiolam
541 2730 617 2780 esse,
650 2721 682 2771 nt
706 2715 736 2771 in
760 2712 944 2771 Lullteranos
967 2728 1100 2786 priapeium
1131 2713 1308 2770 irammdum
1330 2716 1513 2786 strinperem.
1558 2716 1647 2787 aitque·

324 2815 434 2888 mqrtid
448 2814 524 2873 dicet
538 2815 695 2886 Haltenus,
718 2817 746 2872 si
765 2814 813 2873 hic
828 2813 985 2888 proferam
1009 2820 1123 2872 centium
1145 2822 1229 2872 testes
1251 2818 1303 2888 qui
1318 2815 1443 2873 doceant
1456 2831 1520 2874 eum
1541 2833 1644 2875 riema-

359 2933 421 2973 rem
444 2917 501 2975 linc
521 2934 577 2976 non
601 2921 690 2976 semei
710 2912 855 2974 allatum?
876 2916 950 2989 quid
969 2917 997 2972 si
1012 2915 1170 2991 proferam
1190 2918 1329 2990 epistolas
1347 2919 1509 2975 amicarum
1525 2920 1577 2991 qui
1589 2919 1644 2977 itae

358 3018 402 3075 nd
419 3034 464 3075 me
484 3027 512 3076 et
526 3020 569 3077 ad
585 3022 658 3078 alios
678 3021 742 3077 ilem
759 3013 1020 3093 perscripserunt?
1040 3012 1405 3090 *Perfricalrilsrantem
1422 3020 1534 3092 siquid
1547 3026 1643 3077 tanmn

358 3122 403 3178 illi
419 3120 530 3192 [rantis
548 3128 607 3178 est:
632 3121 705 3193 quid
725 3123 802 3179 enim
824 3120 911 3178 aliud
924 3115 1038 3193 possit?
1068 3118 1194 3178 Tametsi
1208 3123 1287 3179 solus
1304 3135 1361 3192 epa
1372 3121 1417 3178 ilii
1434 3123 1550 3179 rumori
1561 3138 1643 3179 nurn-

358 3239 446 3295 tptam
467 3223 595 3293 credidi,
618 3224 698 3295 arrad
718 3224 776 3281 tale
798 3221 873 3280 reiicit
892 3220 1069 3279 scriberetur
1091 3239 1107 3280 e
1129 3221 1315 3286 Bralrontia,
1338 3224 1529 3281 etiamsinon
1555 3226 1642 3296 ipna-

321 3324 462 3381 usralram
484 3326 558 3397 qilid
579 3326 628 3382 ille
651 3327 747 3392 uellet,
767 3327 795 3382 sl
815 3325 944 3381 licuisset
963 3324 1105 3396 qitiepuid
1123 3325 1243 3382 calebat.
1281 3321 1415 3382 Anneclit
1431 3324 1480 3383 iiic
1495 3324 1709 3384 llurunnssm.

357 3433 480 3484 celerem
499 3425 651 3496 fadillam.
679 3426 758 3499 atiud
779 3434 846 3483 urite
866 3440 959 3482 astreas
979 3432 1086 3499 sepiem
1109 3426 1303 3485 lloeiestralus
1323 3428 1450 3484 rainatas
1474 3429 1512 3485 sil
1531 3444 1563 3485 se
1582 3445 1640 3500 up-

353 3545 527 3599 pressurum
547 3545 605 3597 me,
633 3530 660 3584 si
679 3527 852 3599 coriseeissct
874 3526 1070 3600 Capnionem,·
1100 3545 1154 3586 nce
1175 3529 1261 3586 niirld
1280 3530 1309 3586 in
1333 3543 1416 3586 maro
1436 3526 1532 3598 faisse
1552 3545 1640 3602 paam

356 3632 518 3688 amicarum
542 3632 571 3688 in
601 3631 708 3688 luendo
731 3629 882 3703 Copnione
908 3628 1093 3686 industrium.
1148 3629 1185 3688 iit
1207 3630 1262 3688 liae
1290 3646 1390 3688 aeram
1416 3632 1467 3701 sit,
1501 3631 1574 3704 qaid
1600 3632 1643 3689 nd

355 3748 477 3789 ettusnm
496 3728 695 3809 praesentem?
726 3747 764 3788 art
787 3729 861 3787 nrill
882 3730 1069 3803 persuadere
1096 3734 1156 3789 tulit
1181 3732 1339 3803 Hnttemrs,
1370 3732 1450 3806 quod
1473 3732 1545 3791 milti
1564 3736 1641 3791 male

320 3836 480 3892 miminerit
500 3851 538 3892 ae
559 3837 625 3892 oeta
645 3828 858 3891 Hoelistratus?
889 3833 932 3889 cui
957 3833 991 3889 id
1010 3847 1078 3889 nero
1099 3848 1172 3906 opus
1200 3833 1296 3905 suerit
1320 3836 1410 3906 lanan
1437 3834 1546 3907 dinque
1576 3851 1640 3893 me-

355 3938 449 3993 dilala
471 3939 619 4003 aralium·
650 3953 690 3993 ari
712 3935 860 3994 contendit
880 3950 1026 3992 rumorem
1048 3950 1145 4007 nrrpcr
1170 3951 1306 4008 sparsum
1331 3933 1427 4006 fuisse
1453 3932 1577 3994 t’erllm?
1607 3943 1640 3994 al

354 4055 403 4095 res
425 4039 508 4096 docet
530 4037 625 4106 fuisse
652 4039 848 4095 annissimurn.
893 4036 954 4093 Sea
978 4038 1147 4094 increscunt
1171 4037 1260 4093 sentire
1287 4039 1457 4095 eriminum:
1491 4037 1707 4112 ‘Epistolisim

353 4140 542 4198 obscurorum
566 4142 694 4198 uirorum
714 4140 842 4212 primum
865 4139 1020 4211 applausi,
1049 4154 1118 4196 mor
1140 4145 1216 4196 mela
1237 4141 1356 4197 territus
1377 4141 1528 4213 epistolum
1552 4143 1638 4199 Colo-

354 4244 435 4299 nium
460 4244 539 4310 misi‚
572 4257 632 4314 pira
658 4241 860 4312 sipnitieniiuni
882 4240 955 4297 milei
979 4240 1137 4313 displicere
1161 4243 1234 4298 tales
1261 4237 1390 4299 lilellos'.
1422 4243 1530 4315 Accipe
1558 4259 1638 4302 nilne

319 4360 432 4415 :arem
455 4346 560 4417 optime
582 4346 685 4402 lector.
708 4350 736 4401 et
756 4344 885 4413 inteliipe
909 4341 1095 4400 iluttenieum
1116 4343 1291 4413 artificium:
1312 4349 1416 4401 nactus
1441 4360 1524 4401 erlem
1549 4362 1638 4402 seriam

354 4447 506 4519 epistolam
536 4461 626 4503 niariu
648 4445 826 4518 descriptam
856 4444 892 4502 de
919 4445 1048 4502 convitia
1074 4445 1295 4517 mapistrorum,
1327 4461 1394 4517 aaa
1420 4445 1495 4503 niiiil
1520 4446 1641 4506 liaberet

352 4557 465 4622 plraeter
482 4548 633 4605 innoxiam
652 4548 760 4616 iocum,
783 4553 812 4603 et
831 4544 988 4616 ferebatur
1006 4544 1136 4603 Hutteni.
1174 4543 1239 4604 liceo
1255 4545 1328 4604 milei
1343 4548 1484 4604 maaimm
1500 4551 1641 4623 emiuplali

351 4649 426 4721 silit,
462 4666 499 4707 ac
520 4652 601 4707 toties
629 4650 704 4706 inter
725 4649 834 4706 amicos
856 4648 931 4705 lecta
952 4653 1008 4717 est,
1042 4654 1074 4703 nl
1088 4646 1304 4720 propemodum
1326 4646 1455 4707 ira‘reret
1480 4654 1636 4709 memerito.

355 4751 506 4809 Basilcum
530 4767 664 4809 resersus
685 4765 750 4807 eum
771 4749 844 4807 milii
859 4750 986 4823 perisset
1007 4750 1164 4822 scriplum,
1193 4765 1233 4806 ee
1253 4751 1393 4807 memoria
1414 4750 1524 4809 (iictori
1544 4750 1638 4810 Beato

396 4999 402 5028 Ι
421 4955 431 4983 ⁹
451 4951 558 5018 Zopyri
579 4953 621 5001 cf.
636 4951 767 5001 Herculei.
781 4951 831 5000 111.
849 4949 969 5015 musqq.
990 4949 1390 5015 lumimhisul’hilipp.1.lu.
1463 4950 1484 4982 ³⁶
1503 4953 1583 5018 epist.
1603 4954 1636 5004 do

356 5054 433 5088 conv.
454 5036 538 5103 mag.]
560 5043 601 5087 eet
619 5039 706 5103 prima
724 5035 824 5102 prioris
842 5034 929 5101 pariis
948 5035 1016 5099 Epp.
1036 5033 1128 5083 obsce.
1148 5034 1211 5083 virs.
