3934 6034
472 704 628 756 CCLXXX.
647 719 769 755 uvarum
782 718 818 754 no
832 719 954 754 emmer.
967 719 1195 755 rrnasrenmrnn.
1210 719 1251 753 ur.
1266 719 1292 753 n.
1305 712 1339 752 tt.
1354 718 1437 753 naar.
1454 712 1510 754 1⁵22.
1568 690 1637 760 115

354 894 477 943 manno,
502 878 551 954 qui
574 875 654 935 solus
676 877 821 935 innumeri
843 874 941 934 militis
963 875 1054 935 instar
1076 877 1139 936 erit.
1187 873 1242 933 Vos
1264 882 1376 936 tautum
1399 876 1510 935 animus
1526 876 1637 953 erigite.
1650 886 1694 935 §.a

353 996 409 1038 nen
433 977 641 1038 cornellendos
664 996 722 1037 uuo
745 985 773 1037 et
796 976 886 1037 altero
910 979 1005 1038 statim
1029 977 1123 1037 edicto
1147 977 1283 1054 prebete.
1329 976 1384 1047 Qui
1408 977 1532 1038 multum
1556 980 1638 1057 prius

353 1087 504 1158 poteraut,
528 1082 585 1139 iam
607 1080 670 1139 sine
693 1079 801 1139 ririlrus
817 1085 903 1140 erunt
918 1080 1078 1140 decedente
1093 1079 1230 1156 paulatim
1246 1078 1403 1139 nobilitate.
1441 1079 1563 1139 Possum
1579 1098 1638 1140 non
1648 1088 1694 1137 §.a

352 1181 469 1241 modico
493 1200 558 1242 esse
581 1180 662 1241 rolris
683 1181 833 1259 prasidio,
858 1182 912 1242 hac
935 1184 963 1241 in
987 1201 1019 1241 re
1043 1184 1219 1258 pracsertim,
1244 1181 1431 1242 conciliandis
1450 1183 1550 1241 amicis
1565 1184 1641 1242 inter

325 1281 479 1352 snobiles,
509 1283 699 1350 silletum,
729 1283 805 1362 cpiod
830 1283 961 1343 futurum
984 1290 1060 1353 erat,
1090 1291 1120 1342 ut
1149 1302 1246 1343 arcem
1277 1282 1468 1361 Steckellrerg
1490 1284 1639 1361 possiden·

351 1384 419 1444 dam
449 1404 517 1445 rum
546 1385 698 1447 iuvenibus
726 1384 865 1445 iratribus
893 1386 1049 1463 accipiam:
1084 1405 1151 1446 nam
1180 1386 1326 1446 Hnttcnus
1354 1394 1437 1463 pater
1465 1385 1541 1446 diem
1570 1385 1641 1445 oliiit

351 1490 500 1565 proxime:
530 1488 644 1548 videtur
666 1495 763 1548 autem
786 1488 962 1567 quibusdam
985 1507 1044 1547 non
1066 1489 1181 1566 ineptus
1204 1487 1298 1555 loeus,
1328 1487 1405 1547 uncle
1434 1495 1693 1565 oppugimnucca

350 1590 460 1650 inimici
485 1591 580 1650 crucis
602 1589 722 1658 Christi,
747 1591 854 1669 quippe
877 1592 905 1648 in
929 1589 1107 1649 densissimis
1129 1588 1215 1668 sylvis
1237 1598 1265 1650 et
1287 1588 1434 1649 montibus
1456 1588 1527 1649 nulli
1556 1588 1638 1649 lacilc

351 1693 495 1752 exercitui
516 1692 650 1751 accessu.
695 1691 851 1751 Promittes
873 1692 979 1751 civitati
1002 1711 1096 1752 ruciam
1121 1691 1228 1769 ubique
1251 1709 1380 1768 operam.
1425 1691 1455 1751 Si
1478 1690 1535 1750 illic
1557 1690 1693 1753 helii-§.a

319 1793 436 1860 rotano,
458 1811 520 1852 uon
542 1793 673 1854 inutilem
695 1794 820 1854 ricinum
843 1793 1004 1863 haltebitiS,
1028 1802 1114 1871 atque
1138 1810 1192 1869 ego
1215 1792 1338 1853 vicissim
1366 1811 1489 1853 usurum
1517 1811 1564 1852 me
1593 1813 1640 1852 rc·

351 1897 420 1955 stris
441 1914 541 1973 spero.
586 1894 704 1955 luterim
728 1894 798 1955 uilril
822 1897 979 1956 intermitte
1003 1896 1080 1973 quod
1113 1894 1284 1974 expellendo
1307 1896 1394 1954 Petro
1416 1894 1513 1973 Meyer
1541 1894 1640 1955 deser·

350 1999 416 2056 siat.
463 1997 539 2069 Quid
562 1997 644 2057 lectis
666 1997 773 2057 dicitius
795 1997 944 2058 laomiuem
967 1999 1040 2057 mire
1063 1997 1231 2057 seditiosum
1255 2005 1284 2056 et
1306 1996 1483 2057 concitandis
1499 1996 1592 2057 turbis
1606 2015 1640 2057 ac

350 2097 527 2163 tuumltilrus
549 2102 665 2158 natum?
699 2100 774 2159 Satis
803 2118 956 2159 causacum
987 2106 1045 2159 est:
1075 2100 1208 2159 scribetis
1236 2099 1405 2177 lloguutino
1435 2107 1463 2158 et
1491 2102 1638 2160 canonicis
1649 2118 1694 2168 §.a

352 2207 494 2279 oportere
516 2219 567 2260 ros
589 2200 703 2269 ridere,
726 2201 834 2280 nequid
858 2202 1024 2262 detrimenti
1047 2203 1140 2279 capiat
1163 2200 1327 2279 respublica
1350 2209 1459 2270 restra,
1489 2201 1537 2260 illu
1565 2220 1640 2280 prm·

319 2304 454 2363 isscrtim
479 2321 536 2363 non
560 2304 744 2383 canescente,
767 2304 818 2363 sed
841 2306 922 2363 uocis
942 2323 1059 2382 sempor
1079 2311 1175 2364 celcra
1192 2303 1411 2373 adcumulantc,
1436 2304 1484 2365 ulu
1501 2306 1557 2365 lroc
1572 2307 1640 2366 eiic-

352 2407 440 2474 cerit,
465 2412 497 2465 ut
520 2404 633 2465 nobiles
655 2405 711 2465 iarn
734 2404 843 2485 alicprot
866 2406 974 2467 ltellunr
998 2408 1145 2466 minentur
1168 2404 1263 2474 rolris,
1287 2408 1309 2465 si
1326 2406 1432 2465 diutius
1448 2409 1523 2466 iuter
1539 2427 1640 2468 nmcos

351 2514 466 2567 cestros
488 2508 646 2586 perniciem
668 2497 744 2566 lianc
773 2507 869 2572 alatis:
903 2517 1004 2585 rogate
1028 2528 1091 2575 ens,
1126 2516 1158 2566 nt
1186 2526 1236 2566 ros
1264 2509 1433 2586 respiciam,
1469 2528 1526 2570 neu
1553 2513 1693 2574 uniusnr.

351 2609 479 2669 hominis
501 2610 597 2670 studio
619 2616 709 2669 totam
732 2609 862 2688 periculo
885 2610 1030 2671 civitatem
1053 2618 1207 2688 exponant.
1254 2609 1460 2671 Huiuscemodi
1482 2611 1573 2673 literis
1589 2633 1638 2673 ex-

352 2711 492 2771 cusahitis
515 2718 544 2772 et
566 2711 671 2771 Caesari
694 2731 758 2780 ros,
782 2733 816 2772 ae
839 2713 893 2790 ipsi
917 2722 1016 2790 postea
1044 2713 1214 2791 quiescetis,
1244 2712 1294 2772 ubi
1323 2712 1497 2781 ridebimus,
1528 2734 1585 2793 quo
1608 2736 1639 2775 se

319 2820 509 2892 ureceptura
532 2815 568 2873 sit
590 2814 649 2872 aris
670 2813 732 2883 illa,
763 2814 818 2875 linc
847 2814 966 2893 depulsa
997 2814 1073 2875 nido.
1119 2813 1277 2891 Diligenter
1299 2834 1418 2892 operam
1442 2816 1486 2875 da.
1532 2817 1693 2879 Parentis.

352 2914 488 2976 scelerati
510 2918 648 2975 curtisaui
672 2918 793 2994 pecunia
816 2936 915 2977 eruere
938 2936 1041 2978 necem
1064 2935 1174 2984 meam,
1198 2934 1324 2993 quornm
1347 2936 1422 2977 iuriis
1444 2917 1562 2996 quidam
1585 2925 1636 2983 cst..

352 3019 400 3095 qni
423 3016 502 3077 mille
525 3036 632 3078 aurcos
660 3019 695 3079 de
722 3038 776 3079 suo
803 3021 946 3096 promittit
973 3021 999 3079 ci
1028 3020 1077 3097 uui
1105 3037 1151 3078 mc
1179 3025 1328 3095 uteturque
1356 3020 1508 3089 occiderit,
1543 3039 1638 3098 neque

353 3128 449 3179 tamen
473 3120 615 3188 efficient,
640 3127 671 3180 ut
693 3120 737 3180 rel
760 3140 865 3200 parum
889 3122 1034 3181 reinittaru
1056 3121 1093 3180 de
1116 3122 1254 3180 instituto.
1300 3122 1409 3198 Scripsi
1432 3121 1560 3182 ecclesiae
1576 3123 1692 3186 llo-§.n

352 3223 480 3299 gnutime
503 3222 655 3299 epistolam
677 3223 904 3301 obiurgatriccru
928 3231 957 3284 ct
978 3230 1075 3282 tamen
1099 3223 1236 3290 amicam,
1260 3230 1346 3301 atque
1369 3224 1452 3285 aliter
1473 3224 1638 3285 Cartlrusia·

322 3326 397 3384 cauis
419 3322 534 3392 scribo,
559 3326 608 3402 qui
631 3332 701 3402 puto
724 3342 825 3402 paenas
848 3324 959 3384 dalnurt
982 3326 1067 3395 milri,
1091 3326 1144 3383 nisi
1161 3325 1235 3384 lorte
1252 3343 1361 3403 negare
1377 3327 1484 3387 lactum
1501 3330 1636 3406 poterint.

353 3425 491 3504 Exempla
516 3424 704 3503 epistolarum
728 3426 764 3486 ad
788 3426 931 3487 Othonem
956 3427 1031 3489 dedi¹
1070 3426 1138 3487 Vale
1161 3434 1188 3487 ct
1212 3434 1308 3505 partes
1331 3446 1414 3507 auge.
1453 3447 1487 3488 ex
1505 3427 1706 3490 werten-nn.

351 3527 445 3607 burgo
469 3528 503 3589 ll.
529 3527 647 3588 Calcnd.
670 3526 760 3606 April.
785 3531 868 3589 duuo
891 3529 1031 3590 nntxxn.

490 3658 496 3669 ¹
905 3632 1081 3707 Inscriptio:

631 3732 764 3812 Pliilippu
788 3733 823 3793 de
846 3733 1046 3811 Furstcnperg
1069 3735 1201 3793 Senatori
1225 3734 1353 3794 Franco-

632 3835 766 3896 iurdiano
789 3837 883 3895 arctico
907 3835 1084 3896 Charissimo
1108 3836 1136 3895 S.

1021 3936 1195 3997 Fraucldurt

1173 4037 1213 4097 l'l.
1240 4040 1394 4101 liuttcnus.

414 4210 425 4243 ⁴
444 4228 482 4261 re.
501 4211 663 4261 Praesertim
681 4216 707 4261 2.
717 4215 744 4261 3.
807 4210 890 4260 τῐιῡιι
908 4211 1012 4275 ineptis
1031 4210 1099 4260 locis
1119 4213 1179 4261 Η.
1198 4212 1360 4273 incpttraime.
1424 4209 1434 4240 ⁰
1454 4212 1637 4261 accessibilis.

348 4300 407 4348 m.
456 4296 478 4329 ¹³
498 4312 659 4346 corraeorum
671 4301 697 4347 2.
746 4294 830 4360 Mog.]
851 4296 1062 4361 archiepiscopo
1075 4295 1197 4345 litberto.
1252 4292 1271 4325 ¹⁸
1290 4310 1362 4360 resp.
1377 4297 1402 4343 2.
1457 4295 1543 4346 ¹³sed
1562 4299 1639 4346 nocis

349 4389 481 4433 scetere
494 4378 567 4446 edo]
587 4383 604 4431 i.
618 4398 640 4431 e.
660 4397 732 4432 noua
749 4397 771 4432 s.
785 4381 926 4432 ueteribus
945 4381 1070 4429 addendo
1090 4378 1224 4429 cumulum
1244 4386 1423 4442 augescente.
1448 4380 1572 4444 anpte
1591 4382 1639 4431 sed

349 4472 426 4519 noris
444 4469 551 4533 sparsis
569 4468 662 4517 omnia
681 4467 878 4517 acclomitente
898 4470 923 4516 2.
933 4468 959 4515 3.
991 4465 1064 4525 Quod
1081 4466 1153 4517 dedi.
1178 4472 1267 4527 aperte
1285 4465 1359 4514 dubet
1379 4468 1403 4514 1.
1433 4465 1506 4514 Fort.
1526 4482 1547 4517 s.
1567 4483 1638 4517 nora

349 4556 450 4620 passim
464 4552 609 4604 veteribus
623 4553 682 4602 ude.
697 4553 740 4602 cf.
755 4570 780 4618 p.
798 4551 852 4602 118.
866 4569 891 4603 r.
909 4552 947 4601 ll.
995 4550 1016 4582 ¹⁷
1035 4553 1205 4614 rogarem
1248 4548 1470 4614 eundumne.
1511 4549 1637 4617 ”epistl

348 4659 410 4691 nunc
428 4641 603 4704 deperditam.
623 4645 648 4686 nt
666 4640 772 4687 dictetur.
826 4635 942 4701 obiurgl
957 4637 1134 4700 iurgutriccm
1154 4639 1214 4685 m.
1271 4633 1325 4667 ²¹⁴³
1344 4634 1480 4700 Carthusl
1501 4636 1543 4685 Gi.
1557 4652 1638 4702 supra

349 4744 372 4792 p.
385 4726 427 4775 83.
441 4742 502 4789 sqq.
550 4722 573 4754 ²⁰
592 4721 736 4787 Othonem}
758 4724 937 4786 Brnnfclsimu.
992 4722 1097 4769 Errncit
1116 4726 1140 4771 2.
1160 4740 1213 4772 cum
1231 4722 1462 4784 ll'artenburgum
1481 4724 1544 4769 idem
1563 4730 1638 4786 cripere

347 4811 579 4872 tlteekelbergam
600 4825 655 4857 csse
681 4812 842 4873 opinaretur.
863 4810 931 4874 prend
947 4823 992 4856 nec
1011 4808 1042 4854 ud
1064 4811 1118 4870 ipso
1137 4814 1178 4855 cit.
1194 4805 1304 4855 Burcllr.
1324 4806 1345 4854 l.
1359 4806 1399 4855 tlt.
1416 4809 1488 4869 [ecit.
1511 4808 1547 4854 lle
1560 4808 1637 4855 ll'ar-

347 4896 530 4963 tenburgocf.
549 4912 631 4960 snpra
648 4912 674 4958 p.
694 4893 735 4941 88.
799 4891 821 4925 ²⁸
847 4895 923 4942 lianc
946 4900 1078 4941 arternum
1102 4898 1179 4941 inscr.
1197 4908 1246 4956 pro
1264 4894 1344 4956 ipsius
1362 4909 1402 4955 cp.
1421 4895 1638 4957 superscriptione

346 4986 470 5035 dederant
486 4984 542 5031 23.
563 4988 588 5030 et
608 4981 704 5046 (peridem
724 4981 753 5028 3:
773 4978 968 5042 Fiirstcuberg,
990 4977 1149 5026 Frunksurt.
1167 4977 1226 5027 Ulr.
1244 4977 1366 5026 scribens.

1374 5126 1417 5189 8*
