3934 6034
503 699 700 749 cccuxvttl.
714 714 815 749 unusne
830 714 893 749 nor.
907 714 943 748 nu
956 713 1203 749 nnuancnrnosnu
1216 714 1259 747 nr.
1274 708 1328 748 mc.
1339 713 1414 747 sarr.
1430 706 1488 747 tata.
1558 683 1632 754 415

354 891 436 929 uerus
460 873 575 934 liberos.
599 890 647 928 nec
669 872 740 928 aliud
764 873 821 945 agit
843 873 923 928 etiam
946 889 1017 927 nunc
1039 890 1119 945 quam
1141 872 1240 946 nequid
1261 872 1416 929 detrimenti
1438 874 1526 946 capiat
1548 890 1593 931 res
1607 882 1635 929 et

354 960 422 1015 sarria
445 957 603 1021 nebulonis;
635 956 855 1032 oecolampadius
881 958 988 1013 caeteris
1016 956 1096 1032 paulo
1125 958 1273 1013 modestior
1295 966 1337 1012 est
1359 966 1387 1013 et
1414 967 1501 1013 tamen
1524 966 1566 1014 est
1589 958 1634 1014 ubi

354 1046 380 1099 in
405 1043 451 1099 illo
474 1061 583 1118 equoque
605 1043 755 1099 desiderem
783 1041 962 1114 evangelicam
992 1043 1199 1116 minoritatem:
1232 1041 1369 1115 Zviuglius
1398 1060 1477 1117 quam
1505 1043 1634 1099 seditiose

353 1147 416 1198 rem⁴
432 1129 516 1201 gerit:
550 1129 648 1202 nequid
679 1128 785 1183 iuterim
808 1145 1015 1183 commemorem
1037 1128 1070 1183 dc
1093 1126 1167 1183 aliis:
1200 1145 1254 1183 uon
1278 1128 1464 1183 assentiuntur
1486 1128 1562 1184 robis
1584 1146 1633 1184 uec

319 1226 330 1261 t
354 1216 424 1270 iuter
446 1231 475 1269 se
497 1214 684 1276 consentiunt,
715 1222 742 1268 et
764 1211 904 1286 postulant
926 1222 956 1268 ut
979 1214 1100 1286 ipsorum
1122 1214 1269 1268 autoritate
1297 1213 1359 1267 freti
1389 1213 1421 1268 ab
1444 1213 1567 1269 omnibns
1591 1230 1634 1268 or-

353 1299 478 1355 thodoxis
501 1298 624 1372 patribus
647 1307 673 1354 et
696 1297 817 1354 conciliis
844 1297 999 1353 delieinrnus
1002 1340 1177 1359 ........
1207 1298 1294 1365 Quum
1323 1297 1494 1354 discessisset
1522 1299 1583 1354 binc
1606 1307 1633 1353 et

352 1385 437 1440 adbuc
460 1384 552 1457 lingua
581 1384 686 1439 saeviret
716 1383 742 1438 iu
772 1401 829 1444 me,
863 1384 959 1456 scripsi
988 1382 1112 1438 blandem
1140 1392 1167 1437 et
1195 1384 1305 1438 arincam
1333 1382 1483 1456 epistolam.
1528 1384 1633 1439 tandem

353 1470 416 1524 eniit
439 1468 558 1543 Epistola
582 1469 690 1523 rteiruine
712 1467 814 1523 Erasmi
838 1466 942 1528 dllmri.
966 1485 1046 1541 quam
1069 1469 1230 1541 promiserat
1254 1467 1299 1522 ille
1321 1458 1483 1542 ψωρώδης.
1513 1478 1542 1524 ut
1566 1469 1634 1524 scias

353 1572 408 1610 rein
430 1573 462 1609 en
484 1555 636 1627 courposito
659 1553 732 1626 gem:
755 1552 932 1608 dissinmlavit
954 1552 1047 1608 stilum
1070 1554 1189 1608 imitatus
1212 1553 1333 1626 quadam
1357 1562 1417 1617 tua;
1446 1554 1491 1608 sed
1515 1563 1545 1609 ut
1567 1553 1633 1609 nihil

322 1640 424 1694 tration
448 1641 498 1700 sit.
524 1639 605 1693 toties
627 1639 803 1711 contemptim
826 1638 959 1711 repetitus
983 1638 1125 1693 ‘Erasinus'
1148 1638 1214 1693 satis
1236 1638 1326 1709 arguit
1348 1647 1478 1700 autorem,
1516 1647 1543 1695 et
1564 1639 1634 1694 ride·

353 1735 398 1780 tur
419 1742 450 1780 ex
475 1733 520 1779 tue
542 1723 681 1797 colloquio
705 1724 790 1778 sactus
821 1722 951 1782 ferocior.
986 1723 1086 1778 iactans
1115 1741 1144 1777 se
1172 1722 1333 1796 discipulum
1362 1724 1420 1778 eius
1448 1741 1527 1797 quem
1555 1724 1634 1779 docet

352 1811 495 1866 Luthems.
539 1808 610 1863 b'ilril
634 1810 684 1863 iarn
706 1809 791 1864 (licam
814 1809 846 1862 de
869 1808 987 1881 {trinitate
1010 1808 1070 1863 vitm
1094 1806 1178 1869 illius.
1201 1809 1234 1862 de
1249 1812 1373 1863 castitate
1388 1807 1501 1879 liuguae,
1524 1809 1556 1864 de
1571 1827 1634 1883 pro·

355 1895 475 1953 lusione.
498 1895 532 1949 de
555 1893 686 1948 lraitdatis
707 1893 902 1948 creditoribus:
926 1894 1063 1966 quomodo
1087 1893 1130 1947 isti
1153 1893 1341 1948 eiirnmemlant
1363 1910 1459 1949 novum
1483 1895 1534 1949 boe
1556 1912 1635 1949 eran·

353 1980 471 2053 gelium‘l
495 1982 582 2052 Atque
606 1979 648 2033 liic
671 1987 713 2034 est
736 1978 780 2033 ille
803 1979 903 2033 airricus
926 1995 1063 2051 nunquam
1085 1996 1099 2032 a
1123 1995 1164 2033 me
1188 1977 1280 2040 laesus,
1305 1995 1411 2052 semper
1433 1979 1543 2034 candide
1566 1996 1635 2053 prae·

322 2066 458 2121 radicatus
480 2074 508 2119 et
535 2065 566 2119 ad
596 2065 715 2119 intimam
745 2063 953 2119 familiaritatem
981 2064 1122 2119 admissus.
1167 2064 1201 2117 lle
1229 2064 1357 2136 Capitone
1387 2072 1450 2118 sunt
1477 2064 1554 2120 multi
1589 2065 1636 2138 qui

353 2152 469 2224 pessime
486 2149 613 2211 sentiant,
636 2159 663 2205 et
686 2166 738 2221 ego
762 2165 814 2203 non
839 2149 940 2221 optime
963 2149 1101 2222 suspienr;
1127 2157 1201 2203 rerte
1223 2166 1255 2203 en
1278 2147 1350 2203 illins
1372 2149 1474 2204 aedibus
1497 2150 1636 2206 scabiosus

355 2235 399 2291 ille
422 2235 524 2310 prodiit
547 2235 578 2289 ad
602 2234 785 2290 exernlrudum
809 2232 945 2288 rabiosum
961 2232 1097 2289 libellum:
1121 2233 1285 2289 Thrasonem
1301 2228 1510 2308 Planodorpium
1529 2253 1636 2309 semper

353 2320 447 2376 babuit
470 2321 495 2375 iu
519 2318 637 2380 deliciis,
669 2319 766 2374 deinde
794 2320 831 2374 sic
857 2319 993 2374 enctrsarit
1020 2337 1079 2373 sese
1107 2328 1162 2374 tum
1191 2319 1266 2374 nume
1296 2328 1350 2373 tum
1373 2320 1443 2392 apud
1465 2336 1572 2382 omnes.
1605 2327 1636 2375 ut

355 2405 400 2460 illa
423 2406 480 2480 ipsa
503 2405 640 2459 excusatio
664 2405 728 2459 milri
750 2413 863 2476 augeret
879 2404 1066 2477 suspitionem.
1105 2406 1150 2458 uni
1167 2404 1279 2459 lidebam
1295 2404 1421 2465 lledioni,
1450 2405 1482 2460 de
1499 2422 1553 2478 quo
1569 2422 1634 2460 nou·

321 2492 418 2546 attilium
441 2490 558 2564 pessime
581 2490 685 2551 seritio;
708 2490 832 2544 miseram
856 2490 887 2544 ad
911 2488 988 2544 illum
1009 2489 1159 2563 exemplum
1175 2488 1298 2562 epistolae
1315 2497 1368 2544 ture
1383 2506 1462 2562 quam
1478 2490 1635 2564 scripseras,

354 2577 380 2631 ni
405 2573 500 2635 fallor.
530 2573 734 2648 llymelbergio.
765 2574 792 2629 in
816 2592 869 2647 qua
891 2574 1033 2629 mirabaris
1057 2574 1174 2630 rtorrdmu
1198 2574 1315 2647 prendere
1338 2591 1417 2648 quem
1440 2592 1554 2630 noveras
1574 2583 1636 2630 ante

352 2661 493 2716 duodecim
516 2678 601 2716 anuos
624 2667 692 2714 ete:
716 2677 769 2714 sitin
792 2668 851 2715 erat
872 2660 991 2714 additum
1015 2677 1120 2720 nomeu.
1143 2660 1188 2714 sed
1213 2660 1258 2733 qui
1282 2660 1411 2714 miserant
1433 2660 1638 2716 subindieabaut

354 2746 445 2801 neseio
469 2745 531 2818 quid
554 2745 588 2799 de
611 2745 764 2807 Thrasone:
787 2745 812 2799 id
836 2746 896 2799 misi
919 2745 1032 2799 lledioni
1056 2761 1109 2799 non
1133 2744 1168 2799 ob
1191 2744 1261 2800 aliud
1285 2745 1336 2799 nisi
1357 2752 1388 2799 ut
1402 2754 1522 2808 caveret:
1545 2754 1636 2801 osten·

353 2832 393 2886 dit
409 2830 546 2904 Capitoni.
570 2830 664 2903 Capito
687 2829 809 2900 glorioso
833 2829 926 2884 militi:
951 2831 1013 2884 binc
1036 2830 1101 2885 furit
1124 2829 1168 2884 ille
1190 2828 1296 2901 gladios
1318 2838 1346 2884 et
1368 2829 1479 2902 iaqueus
1494 2831 1636 2893 minitans;

323 2915 495 2986 nszvtnpttus
518 2916 601 2971 amice
624 2916 743 2969 tironitus
771 2934 785 2969 a
814 2932 856 2969 me
884 2916 1024 2987 rescripsit
1052 2915 1194 2970 adruodmu
1223 2914 1379 2969 fastidiose:
1415 2915 1487 2982 ‘Qum
1519 2924 1547 2971 tu
1575 2916 1637 2971 scis'

356 3002 444 3074 inquit
468 3010 530 3055 ‘iton
553 3001 708 3056 conducunt
730 2999 822 3061 nobis,
847 3018 906 3073 quan
928 3016 978 3054 ritis
1001 3000 1113 3061 seimus.
1142 3018 1196 3056 non
1218 3002 1381 3055 conveniunt
1405 3000 1468 3061 tibi',
1492 3001 1568 3073 quasi
1592 3000 1636 3055 ille

354 3105 416 3142 cum
439 3085 523 3140 l‘aulu
548 3093 641 3159 raptus
664 3085 691 3139 in
714 3085 825 3140 tertium
843 3085 945 3142 crelam
967 3084 1106 3140 didicisset
1133 3103 1230 3141 nerana
1257 3086 1389 3159 quapiam
1419 3103 1480 3157 qum
1508 3103 1559 3141 nos
1582 3095 1636 3141 ter-

354 3179 457 3227 restres
479 3171 607 3243 lugerent
630 3212 825 3225 .........
849 3169 934 3230 lrlcm,
967 3178 997 3224 ut
1019 3171 1112 3231 audio,
1141 3171 1214 3226 auxit
1236 3170 1364 3226 stolidum
1388 3170 1479 3226 iliberi
1502 3171 1635 3233 iudicium.

355 3257 428 3330 quud
451 3255 569 3311 nondum
593 3255 644 3310 virli
669 3296 910 3309 ...........
935 3254 962 3309 Si
978 3254 1096 3311 lautlrero
1111 3273 1198 3311 essem
1221 3256 1432 3316 addictissimus.
1456 3257 1541 3330 magis
1556 3256 1637 3312 etiam

319 3343 423 3397 mistos
446 3341 562 3397 odissem
586 3357 665 3414 quam
688 3357 759 3395 nunc
783 3341 841 3401 mli,
871 3339 906 3394 ub
928 3339 1095 3412 evangelium
1119 3342 1191 3414 quod
1214 3341 1270 3395 suis
1292 3341 1413 3396 moribus
1435 3342 1550 3398 reddunt
1572 3343 1637 3397 inri-

354 3427 475 3487 diosum.
499 3426 534 3481 ob
558 3425 641 3480 leonas
663 3424 757 3481 literas
779 3442 846 3498 quas
869 3425 1047 3497 extinguunt:
1070 3434 1199 3499 quantum
1216 3426 1420 3483 manifestorum
1436 3427 1636 3484 mendaciorum

354 3520 395 3567 est
420 3513 446 3567 iu
470 3510 562 3567 libello
584 3507 638 3566 τοῦ
653 3498 825 3583 diupuldum.
849 3529 909 3583 qum
931 3510 972 3564 rii·
994 3511 1164 3584 evangelicus
1187 3511 1282 3567 scribit
1296 3521 1391 3567 cotnra
1407 3530 1481 3568 suam
1497 3513 1637 3568 conscien-

355 3598 433 3659 tiam,
458 3615 512 3653 nou
536 3596 664 3652 abaliud
688 3596 739 3651 nisi
764 3605 792 3651 ut
815 3604 884 3651 urat.
909 3604 936 3651 et
959 3596 1010 3652 lroc
1032 3605 1142 3651 senatus
1164 3595 1319 3652 consultum
1349 3597 1420 3652 inter
1449 3599 1516 3653 istos
1545 3607 1636 3672 patres

355 3683 453 3738 lactum
478 3691 533 3742 est.
559 3691 587 3737 nt
610 3681 747 3736 Erasuumt
771 3680 870 3737 libellis
894 3681 1025 3743 obruant;
1048 3681 1147 3755 quilius
1169 3683 1191 3736 si
1209 3682 1399 3755 respondeam,
1423 3682 1583 3756 praeclarum
1599 3683 1637 3738 la·

320 3770 445 3829 ascinus,
470 3776 499 3823 nt
522 3767 729 3822 sceleratissima
751 3767 953 3822 conflictatione
975 3766 1078 3822 alamus
1100 3766 1204 3841 aliquot
1220 3767 1344 3823 sordidos
1360 3785 1390 3823 ac
1406 3766 1543 3824 famelicos
1560 3776 1637 3843 typo·

354 3854 487 3927 graplros.
518 3870 571 3908 non
600 3869 654 3907 urm
680 3853 778 3924 dignos
807 3852 962 3926 suspendio.
1008 3860 1137 3925 quantum
1165 3853 1347 3926 impietatum,
1379 3861 1508 3927 quantum
1531 3854 1637 3909 menda-

353 3939 457 3993 ciorum
481 3946 523 3999 est
546 3939 572 3992 iu
596 3936 642 3993 illo
666 3937 758 3993 libelle
774 3936 879 3998 biberi,
903 3937 925 3992 si
950 3937 1006 3992 leve
1029 3937 1134 3993 ridetur
1156 3938 1228 4011 quod
1245 3937 1408 4013 Hieronymo
1426 3939 1464 3995 sic
1479 3945 1637 4013 contempto

354 4024 427 4078 addit
450 4024 530 4079 etiam
554 4022 672 4096 perfidiae
694 4023 815 4079 crimen?
950 4022 1001 4078 Sed
1031 4022 1145 4078 lacessat
1174 4023 1230 4078 bac
1259 4024 1369 4097 querela
1394 4066 1636 4079 ...........

354 4107 415 4164 llme
438 4117 485 4163 tuo
508 4107 595 4163 fretus
617 4108 727 4181 ingenio
751 4107 832 4163 effudi
856 4108 882 4163 in
906 4109 994 4163 sinum
1025 4117 1114 4171 tunm,
1142 4108 1177 4163 mi
1200 4107 1338 4183 l'lrilippe;
1368 4110 1406 4165 tui
1433 4111 1557 4166 candoris
1586 4111 1638 4165 erit

320 4203 345 4244 to
355 4211 450 4248 curare
473 4211 506 4250 ue
529 4203 691 4266 spargantur
714 4193 745 4249 ad
769 4192 916 4267 improbos.
961 4193 1047 4260 Quium
1070 4193 1219 4249 loacbimus
1248 4194 1290 4250 liic
1317 4194 1438 4256 adesset,
1468 4196 1506 4250 sic
1528 4213 1600 4251 erant
1623 4213 1637 4250 a

353 4278 450 4334 mrtrbo
473 4276 631 4350 languidus,
656 4287 685 4333 ut
708 4279 748 4333 rix
771 4278 871 4334 serrem
894 4277 977 4334 ullum
1001 4277 1168 4353 colloquium
1191 4277 1226 4333 ob
1248 4280 1379 4335 stomachi
1401 4279 1582 4342 debilitatem,
1610 4289 1638 4335 et

385 4396 552 4403 .-ο-..-

420 4460 547 4511 ³sincer.
568 4463 592 4510 4.
600 4466 624 4511 5.
685 4459 695 4492 ⁵
714 4467 818 4511 auctor.
839 4466 896 4512 m.
956 4462 966 4492 ⁸
985 4463 1074 4525 Quam
1093 4462 1197 4513 iniusta
1214 4463 1274 4512 haec
1293 4478 1399 4529 qnoque
1417 4465 1525 4514 Erasini
1538 4464 1571 4513 de
1591 4480 1638 4514 nu·

353 4552 428 4595 etore
441 4547 543 4596 ludicii
555 4547 697 4596 Alberinni
715 4548 838 4612 asspicio
856 4547 954 4609 suerit,
973 4549 1043 4597 satis
1057 4552 1173 4598 constat.
1219 4546 1332 4613 ‘popl
1351 4549 1494 4600 scabiosus
1541 4550 1562 4583 ¹⁰
1578 4552 1638 4601 Non

352 4633 454 4681 totiens
473 4632 599 4696 quotiens
617 4631 716 4681 blande
735 4633 869 4695 repetitus
887 4632 1035 4682 ‘struamus‘
1054 4633 1089 4682 ab
1107 4634 1220 4683 Ernsmo
1237 4633 1429 4685 Roterodamo.
1499 4634 1520 4667 ¹⁷
1538 4636 1637 4686 Plano·

352 4714 438 4782 dorp]
457 4717 625 4781 Eppeudorf.
659 4716 909 4781 Ptenadorpinma.
957 4717 977 4748 ¹⁹
996 4718 1137 4782 suspica.
1184 4716 1204 4749 ²¹
1223 4718 1638 4786 Hummelbergo,Rsrenspur·

352 4802 430 4866 gensi
450 4802 565 4851 medico.
586 4802 628 4852 of.
642 4819 668 4868 p.
682 4802 740 4853 259.
803 4801 825 4833 ²³
843 4800 915 4867 misi]
935 4803 1002 4852 mibi
1018 4804 1041 4851 4.
1061 4803 1119 4866 (sie
1138 4804 1226 4854 amice
1245 4804 1443 4856 Roterodnmus
1461 4808 1565 4856 amieos
1583 4824 1639 4857 mo·

352 4887 449 4948 nebat,
470 4891 500 4935 ut
518 4886 553 4935 ab
573 4887 670 4936 amicis
688 4888 743 4937 sibi
756 4893 896 4937 carerent.
915 4888 980 4953 phui
994 4887 1193 4938 clancularium
1205 4891 1394 4955 proditoremll
1441 4889 1463 4922 ²⁴
1481 4890 1559 4958 trinit]
1580 4894 1637 4943 fue-

351 4971 388 5019 rit
405 4976 430 5019 5.
483 4970 505 5003 ²⁸
523 4970 608 5036 Idem]
627 4972 781 5034 Phnlliens,
802 4973 907 5024 Gallus.
972 4973 1059 5039 erexit}
1080 4976 1157 5025 arisit
1177 4979 1200 5025 1.
1253 4974 1272 5007 ³¹
1293 4977 1453 5044 exstingunt
1471 4979 1496 5027 4.
1534 4980 1636 5045 exting.

352 5058 409 5106 45.
462 5053 612 5122 ³²10qu
631 5057 752 5123 scabiosi
802 5056 825 5091 ⁴⁰
842 5057 948 5126 loaeh.]
967 5059 1152 5111 Camerarius.
