3934 6034
415 674 486 747 300
588 690 786 742 cccxxxtn.
806 708 1196 746 ss·0so1ssossmov1ensvs
1210 711 1382 746 ssnsnmnss
1396 712 1529 748 uersum.

413 868 472 925 nim
495 870 527 925 ut
545 866 647 925 mentes
668 866 721 925 bos
738 884 846 927 errare
866 868 992 938 iudicio,
1021 877 1118 929 tamen
1140 869 1266 942 affectas
1286 879 1331 930 est
1346 872 1431 946 pius,
1459 886 1547 944 anum
1564 888 1700 945 persna-

345 974 411 1026 nno.
423 986 486 1028 sam
501 968 644 1040 babeant,
663 987 721 1045 per
734 969 860 1029 lutheri
879 972 1045 1030 doctrinam
1067 975 1238 1032 irrrnmreras
1260 976 1376 1033 animas
1388 976 1501 1048 perire.
1546 974 1585 1032 Et
1600 980 1698 1033 tamen

407 1090 466 1148 per
488 1074 667 1132 occasionem
687 1081 823 1146 utrosque
841 1089 956 1147 moneo,
988 1078 1015 1134 si
1040 1076 1114 1135 mibi
1137 1077 1295 1135 rideantur
1320 1077 1498 1136 addictiores
1522 1092 1586 1135 sure
1602 1078 1698 1150 parti.

411 1193 505 1250 rreane
530 1178 607 1235 enim
633 1174 687 1235 bic'
709 1179 869 1235 institutam
897 1186 940 1236 est
960 1181 1166 1253 pronunciare
1192 1179 1229 1237 tle
1250 1178 1391 1245 lictbero,
1420 1180 1475 1237 secl
1494 1178 1618 1237 Huttcni
1641 1195 1698 1237 ca-

412 1282 530 1339 lumniis
546 1280 734 1353 respondere.
782 1278 859 1349 Oreioi
875 1296 939 1339 mea
958 1284 1051 1341 ciuilis
1070 1283 1199 1340 amicitia
1214 1289 1298 1340 nocet
1313 1277 1460 1341 Lattara?
1479 1280 1618 1353 fortassis
1636 1283 1721 1341 aii-s

343 1383 489 1441 §.incubi
510 1381 642 1456 prodest.
688 1381 879 1441 Reuerendus
904 1389 993 1457 pater
1014 1384 1142 1442 Ioannes
1162 1387 1316 1458 episcopus
1338 1384 1487 1456 Boffensis
1507 1385 1627 1458 scripsit
1648 1386 1698 1442 in-

409 1502 483 1558 pens
505 1487 636 1543 uolumen
659 1486 689 1542 in
710 1484 880 1543 latbcram.
925 1488 984 1544 iam
1006 1489 1072 1544 olim
1096 1503 1165 1545 restes
1181 1502 1243 1544 sum
1259 1488 1309 1545 illo
1324 1489 1387 1545 uiro
1401 1495 1429 1545 et
1442 1489 1591 1560 sinpulari
1604 1489 1700 1546 arnico

412 1596 440 1647 et
459 1588 691 1647 constantissimo
707 1594 852 1661 patrono:
879 1606 919 1645 cnr
948 1588 1055 1646 iubebit
1075 1587 1220 1646 Hattenus
1245 1596 1277 1646 nt
1300 1591 1345 1647 illi
1372 1590 1544 1648 denarrciem
1567 1591 1698 1648 inimici-

344 1702 410 1753 §.isn
423 1693 508 1761 tieem,
533 1692 603 1763 quia
625 1691 722 1748 stilum
741 1694 821 1749 acuit
846 1691 876 1747 iu
896 1687 1080 1749 Luiberum?
1110 1690 1180 1748 Citra
1208 1691 1332 1750 eruditis
1356 1691 1454 1763 sumo
1474 1691 1606 1750 omnibus
1627 1691 1701 1750 mibi

411 1798 616 1855 intercesserat
637 1794 768 1851 amicitia
787 1800 854 1851 anto
870 1792 1029 1850 lutbertum
1052 1794 1215 1865 enarramus
1238 1810 1277 1851 en
1298 1795 1344 1852 bis
1366 1794 1485 1868 qnidam
1505 1801 1571 1869 post
1595 1812 1697 1869 cmpe-
1710 1809 1732 1849 n

410 1904 482 1956 rura
504 1895 611 1968 satiem
633 1895 777 1966 Lutlrcro,
802 1912 859 1953 reon
888 1896 952 1954 itieo
973 1899 1150 1955 rennnciaoi
1168 1899 1210 1955 eis
1236 1899 1395 1956 amicitiam
1420 1899 1551 1965 ciuilem·
1576 1898 1697 1971 putidam

413 2001 517 2059 trinitati
536 2006 615 2067 sunt,
642 2015 721 2057 rrarcc
741 2014 851 2072 param
876 1997 946 2055 bene
967 1998 1004 2057 tle
1024 1999 1152 2059 Lretleero
1171 2002 1338 2069 sentientes,
1361 2017 1415 2059 nec
1431 2000 1496 2059 ideo
1515 2000 1616 2059 elesino
1637 2000 1697 2058 bo-

343 2115 411 2165 ton.
424 2106 491 2163 bere
509 2118 567 2177 pro
583 2102 694 2159 amicis.
738 2100 798 2159 Nec
818 2102 859 2158 ita
875 2116 920 2158 me
940 2100 1030 2173 libro,
1053 2112 1083 2160 ut
1105 2103 1147 2161 aci
1164 2105 1308 2162 uictricem
1328 2110 1445 2176 partem
1460 2104 1610 2161 narnien:
1632 2104 1698 2160 *en

410 2207 583 2267 Lutbcrnna
604 2210 694 2278 parte
720 2204 793 2276 artitl
813 2210 856 2260 est
883 2203 962 2275 qnod
986 2220 1110 2277 sperare
1132 2201 1260 2278 auream?
1288 2206 1367 2278 arctici
1386 2207 1482 2265 altera
1502 2223 1579 2280 pars
1600 2204 1696 2277 reffert,

410 2327 477 2384 quie
494 2316 587 2383 potest
604 2307 779 2382 plurimum,
802 2311 970 2363 constanter
989 2309 1141 2373 recusari·
1160 2308 1214 2365 secl
1233 2310 1352 2366 consulo
1374 2310 1465 2381 orricii
1485 2325 1571 2378 mea,
1593 2324 1697 2382 meane
1709 2322 1732 2362 ts

411 2412 511 2488 artoad
530 2413 597 2470 licet
618 2411 763 2481 inicorum
783 2423 880 2478 serso,
910 2423 966 2481 prio
986 2409 1122 2482 pluribus
1144 2425 1247 2482 pucmn
1266 2411 1406 2483 prodesse
1421 2428 1480 2484 per
1496 2413 1679 2469 occasionem
1687 2431 1698 2477 ,·

410 2517 525 2574 interim
548 2514 679 2587 synceris
702 2513 770 2569 rotis
792 2518 858 2585 opto
878 2513 1005 2584 riporum
1025 2514 1224 2584 erniiipaicam
1243 2519 1272 2570 et
1286 2511 1394 2570 Cbristi
1410 2516 1537 2585 ploriam
1554 2530 1611 2587 per
1625 2514 1697 2570 uni-

410 2631 525 2675 versum
544 2615 642 2674 orbem
663 2613 869 2687 efflorescere·
894 2613 931 2671 tle
955 2630 1001 2671 me
1025 2615 1133 2673 oiclerit
1155 2616 1232 2689 ipse:
1259 2617 1288 2673 in
1315 2616 1374 2673 bac
1400 2618 1458 2673 cita
1478 2616 1553 2674 nibil
1573 2622 1698 2689 aspecto

409 2719 580 2792 felicitans,-
605 2716 659 2775 sea
676 2718 805 2789 unctiore
827 2721 923 2774 tamen
942 2717 1040 2774 animo
1060 2732 1124 2774 sum
1145 2720 1295 2789 exiturus,
1324 2720 1351 2777 si
1371 2719 1471 2777 uidero
1494 2718 1603 2777 Christi
1618 2734 1697 2776 crare-

344 2832 483 2883 §.mnsam
502 2821 589 2894 serre
600 2823 743 2894 palmam.
786 2818 853 2876 Iam
870 2819 913 2876 acl
927 2820 1095 2891 pontificem
1109 2819 1275 2878 Borrurnnm
1297 2821 1400 2892 redeo,
1423 2822 1460 2879 tle
1478 2837 1534 2894 qno
1548 2822 1732 2878 crimina-n

411 2934 459 2986 tur
479 2941 524 2982 me
546 2940 625 2981 rrurrc
642 2924 728 2980 aliter
743 2923 851 2979 sentire
866 2936 953 2993 artam
968 2922 1036 2978 olim
1050 2925 1199 2982 senserim.
1244 2920 1383 2982 ‘Laiades’
1403 2925 1497 2997 irruerit
1517 2924 1605 2981 ‘lianc
1613 2939 1698 2997 pon-

411 3032 526 3101 ‘tificem
548 3033 576 3085 et
596 3025 634 3083 ab
656 3041 689 3083 eo
714 3024 851 3082 letabaris
872 3021 1015 3085 uicissim'.
1059 3023 1176 3095 Laertio,
1204 3026 1257 3083 sea
1284 3042 1368 3099 quern
1396 3042 1450 3099 epo
1476 3028 1574 3083 rnttltis
1595 3028 1698 3083 conie-

410 3134 503 3192 cturis
525 3129 670 3188 renarrans
691 3143 777 3200 spero
794 3143 917 3200 spncmo
935 3133 1055 3200 pectore
1068 3129 1266 3186 consulturum
1285 3130 1391 3199 alteria
1408 3128 1532 3196 l'bristi;
1553 3136 1582 3185 et
1599 3135 1697 3185 tamen

410 3234 500 3293 terrebo
525 3232 709 3306 parcissime.
753 3245 792 3285 an
819 3230 994 3302 imlipnatur
1022 3229 1180 3301 llattenus,
1205 3232 1233 3287 si
1257 3232 1344 3289 tatem
1367 3232 1546 3304 pontificem,
1573 3236 1602 3287 et
1628 3232 1697 3287 olim

411 3338 537 3395 amicam
555 3342 583 3392 et
605 3349 684 3390 neeric
704 3331 927 3402 benevolentem,
948 3335 1055 3405 parteis
1075 3332 1168 3391 ceritis
1189 3333 1279 3390 teritio
1301 3334 1330 3390 in
1356 3335 1474 3406 scriptis
1494 3334 1579 3403 meis,
1606 3348 1695 3405 quma
1705 3347 1732 3386 rs

410 3443 473 3516 ipse
495 3439 589 3507 toties,
606 3442 645 3494 tot
666 3435 772 3505 uerbis,
801 3441 859 3493 torn
880 3437 1036 3507 maprritice
1051 3435 1234 3508 practicetur
1255 3437 1285 3492 in
1307 3437 1424 3509 scriptis
1445 3436 1529 3505 meis,
1556 3436 1644 3491 etiarm
1666 3435 1699 3491 in

411 3559 499 3617 opere
520 3541 610 3608 serio,
634 3540 710 3596 relat
729 3540 759 3595 in
782 3538 1017 3596 annotationibus
1040 3540 1107 3595 nrm
1124 3534 1307 3596 testamenti?
1325 3555 1402 3611 orirer
1424 3538 1538 3596 bieme
1556 3553 1613 3595 non
1637 3554 1699 3611 ap-

344 3652 409 3700 ion.
417 3647 512 3721 pellat
529 3636 759 3701 assentatorem?
776 3639 916 3711 Pontifex
934 3643 1010 3698 ultro
1031 3642 1109 3698 misit
1125 3641 1167 3698 acl
1184 3657 1230 3699 me
1245 3642 1303 3699 dieo
1318 3642 1433 3712 brocia,
1454 3656 1577 3713 uteorum
1594 3647 1699 3713 poste-

411 3751 474 3808 rius
495 3752 561 3806 erat
574 3746 679 3819 priore
700 3745 848 3802 arrieurtius
869 3744 1022 3816 scriptum.
1067 3760 1103 3801 ea
1126 3745 1173 3801 uel
1192 3743 1226 3801 ob
1248 3745 1301 3802 boc
1315 3745 1436 3802 libenter
1450 3760 1513 3801 sam
1530 3745 1697 3817 arrrplceus,

412 3852 492 3927 actori
508 3851 655 3924 priorique
675 3855 784 3905 ueteres
805 3848 894 3904 arrrici
914 3848 972 3904 mei
983 3846 1041 3904 sibi
1053 3853 1163 3904 eertum
1179 3849 1300 3905 anitium
1319 3847 1445 3905 Erasmo
1463 3854 1606 3920 paratum
1620 3860 1733 3919 pro-so

412 3957 568 4024 miserant,
594 3959 785 4026 posteaquam
811 3950 860 4007 bic
886 3957 953 4007 erat
979 3952 1086 4008 electus
1114 3949 1269 4023 pontifex:
1294 3967 1330 4008 ea
1358 3966 1407 4007 res
1429 3951 1494 4008 illos
1515 3949 1700 4008 oebementcr

410 4058 537 4131 sc’sellit:
562 4057 659 4127 aripert
686 4055 798 4111 retritum
821 4054 911 4110 alitem
934 4051 1069 4123 [ructum
1090 4052 1163 4111 mibi
1184 4053 1348 4110 redituram
1369 4070 1409 4110 cn
1426 4054 1554 4126 epistolis
1570 4054 1698 4126 pontifi-

345 4164 479 4232 §.nmeis
502 4174 571 4217 niun
584 4164 673 4232 piretus
688 4156 742 4213 boc
763 4151 1008 4228 aspermtntluml
1029 4156 1090 4213 Sed
1112 4156 1255 4214 llnttenns
1276 4155 1355 4213 bam
1375 4157 1508 4231 appellnt
1528 4154 1698 4227 vafriciem.

412 4264 467 4322 llis
485 4260 636 4337 presidiis
659 4259 801 4316 Erasmus
821 4257 957 4316 subsistat
977 4265 1092 4332 oportet
1098 4279 1107 4315 .·
1129 4258 1273 4317 llattenas
1291 4257 1378 4316 babet
1395 4274 1497 4328 arces,
1520 4259 1625 4327 collos,
1644 4274 1698 4315 co-

409 4369 491 4441 pias,
514 4363 702 4431 barattarias,
725 4359 839 4432 samos,
861 4362 955 4432 ipnes,
973 4361 1105 4433 alsatios,
1132 4362 1243 4431 edicta,
1272 4361 1362 4430 belbe,
1386 4360 1489 4433 quibus
1509 4378 1541 4418 sc
1560 4366 1733 4427 tuentum-ss

412 4470 485 4527 mibi
509 4466 684 4542 praesidium
710 4480 794 4522 omne
821 4465 907 4521 sitnm
928 4470 971 4520 est
993 4465 1022 4520 in
1043 4462 1151 4535 sertore
1173 4464 1313 4521 bonorum
1334 4470 1363 4521 et
1383 4463 1569 4535 qrtornrulam
1589 4471 1698 4537 poten-

413 4575 499 4636 tium,
522 4584 578 4643 areo
600 4578 773 4627 tamennon
798 4567 903 4624 abiaor
925 4568 983 4624 nisi
1005 4567 1048 4624 ati
1062 4567 1215 4640 publicam
1239 4567 1408 4624 utilitatem:
1430 4580 1498 4623 nam
1520 4567 1547 4623 si
1564 4570 1622 4625 mei
1642 4583 1700 4623 ra-
1776 4585 1779 4590 >

343 4687 411 4738 §.ion
423 4676 526 4733 timrem
545 4671 698 4737 boberern,
721 4671 782 4727 alia
802 4670 976 4742 inpraetercr
995 4671 1050 4727 iria.
1096 4669 1136 4726 b't
1152 4676 1247 4727 tomen
1264 4667 1408 4726 llattenns
1418 4666 1550 4739 sortasse
1565 4685 1621 4726 non
1638 4668 1699 4725 ba-

414 4779 459 4837 bet
480 4792 558 4834 rrrrnc
579 4775 630 4832 cui
649 4775 760 4842 timent,
782 4787 872 4844 eoque
892 4770 982 4843 scortis
1003 4779 1053 4830 est.
1100 4772 1162 4844 Epo
1183 4789 1220 4829 ne
1241 4773 1381 4841 ruentiar,
1410 4773 1495 4829 timeo
1515 4770 1598 4829 libris
1618 4774 1699 4839 meis,

413 4912 613 4924 ——-—-

479 4981 498 5013 ²¹
516 4978 580 5045 inm]
595 4980 631 5029 cf.
647 4973 992 5043 t1x1›0si.§§.3o.t·27.156.
1010 4975 1065 5024 188.
1112 4973 1134 5006 ²¹
1147 4976 1175 5023 in
1189 4971 1293 5039 onnot.]
1309 4975 1344 5023 cf.
1358 4989 1441 5038 supra
1454 4974 1507 5023 vol.
1516 4974 1537 5022 1.
1551 4990 1576 5038 p.
1589 4973 1644 5023 103.
1659 4990 1700 5039 sq.

413 5064 585 5131 ³³ltanc]n0n
599 5065 723 5133 appellat
735 5064 883 5124 vafritiem,
892 5063 939 5112 sod
946 5065 1076 5113 Erasmus
1086 5062 1207 5111 sensisse
1218 5062 1327 5111 videtur
1339 5061 1380 5109 ito
1393 5059 1587 5124 appellandam
1602 5060 1700 5111 inisse.
