3934 6034
424 690 636 759 cccxxxflu.
658 708 844 743 nuuunruusu
859 708 911 743 eno
925 707 1054 743 uvrrcuo
1068 705 1104 741 ao
1118 708 1220 745 neusin
1236 708 1377 744 oeosnrmi
1390 709 1552 745 nnsrousro.
1590 679 1655 751 341

377 866 483 939 ingenia
505 866 640 923 celebrata
669 868 748 924 bodie
777 877 854 931 sunt;
885 886 916 924 ex
946 867 1070 924 oruuibus
1093 868 1264 929 nationibus,
1287 886 1318 923 er
1339 868 1428 930 ltalia,
1451 869 1607 931 exGalliis.
1630 890 1660 926 es

376 951 516 1013 llolremia;
549 960 629 1025 atquc
652 953 690 1008 bii
713 970 820 1016 omnes,
852 954 922 1009 iuter
943 953 996 1008 alia
1018 962 1046 1009 et
1067 972 1195 1009 novarum
1224 971 1313 1009 rerum
1343 952 1461 1014 laluilas.
1489 956 1659 1028 congratula-

380 1036 477 1092 bantur
497 1038 529 1092 de
553 1037 624 1093 bello
648 1047 756 1112 sumpto
779 1039 805 1094 in
821 1039 992 1094 lloiuauistas
1007 1047 1034 1094 ct
1048 1039 1215 1100 curtisauos,
1240 1037 1383 1094 laudabaut
1404 1039 1574 1102 institutum,
1598 1042 1660 1096 bot·-

378 1121 517 1184 tabautur.
552 1131 580 1178 nt
610 1125 707 1197 creptis
735 1142 841 1179 titurium
869 1124 987 1180 adderet.
1032 1124 1107 1191 Quod
1131 1125 1153 1179 si
1183 1133 1211 1180 tu
1241 1124 1341 1186 nescis,
1376 1133 1402 1178 et
1432 1124 1497 1179 lacis
1521 1125 1587 1180 tanti
1611 1145 1660 1199 uer

353 1207 506 1280 sepistolas
528 1207 650 1281 probari.
674 1226 725 1281 ego
747 1208 790 1263 bis
812 1208 897 1264 oculis
920 1209 970 1265 ridi
994 1218 1022 1264 et
1043 1209 1106 1281 legi.

439 1287 536 1367 [eost]
580 1309 630 1348 un.
654 1293 727 1349 Milu'
747 1296 837 1366 erueris
858 1295 964 1349 subolet
976 1296 1096 1364 prendo,
1120 1303 1204 1365 queem
1220 1296 1372 1350 obiecerint
1388 1296 1519 1349 ruoituebi
1533 1313 1568 1349 uc
1583 1297 1658 1352 tbeu-

373 1379 436 1448 loqi.
504 1394 553 1434 or.
577 1378 653 1434 b'ulla
677 1379 781 1434 obiecta
803 1387 858 1440 est,
887 1397 937 1453 per
958 1379 1108 1434 Christum!
1139 1397 1225 1452 neque
1249 1397 1365 1452 uuquam
1389 1379 1512 1435 cotirenit
1536 1379 1574 1435 illi
1597 1400 1658 1437 cum

374 1460 566 1523 Eiliiiuudnnis
590 1463 810 1525 llocbstratibus.
833 1464 951 1519 latomis
974 1473 1002 1519 et
1024 1464 1181 1537 sophisticis
1198 1464 1327 1519 monstris
1344 1463 1411 1519 illis:
1436 1471 1476 1525 et,
1501 1472 1530 1519 ut
1545 1466 1658 1521 maxime

373 1547 523 1603 remisisset
546 1548 684 1609 iiu'idiam.
708 1549 843 1621 integrior
864 1559 921 1603 erat
939 1566 1017 1621 quam
1036 1549 1080 1622 qui
1098 1548 1255 1604 uumeribus
1272 1549 1374 1603 sineret
1389 1549 1460 1604 llecti
1477 1558 1504 1604 et
1519 1552 1656 1625 corrumpi

340 1647 416 1694 rose:
439 1650 488 1688 nee
511 1641 563 1688 tom
587 1633 673 1689 lutilis
696 1642 723 1690 et
745 1635 802 1690 auri
827 1635 921 1690 sitiens
945 1634 1010 1695 luit.
1033 1644 1064 1689 ut
1085 1642 1230 1707 conspecta
1254 1634 1366 1707 peccunia
1389 1643 1515 1707 protinus
1537 1636 1656 1691 venalem

371 1717 485 1773 auimam
508 1718 642 1774 babuerit.

435 1798 532 1878 [idib]
557 1820 606 1859 ne.
631 1805 728 1875 Neque
751 1807 824 1859 cuim
847 1807 899 1860 boe
921 1807 1065 1875 inceptum
1088 1812 1267 1870 remmom,
1295 1806 1347 1858 sed
1373 1810 1452 1859 uetus
1474 1812 1516 1859 est
1539 1808 1654 1861 uomica.

370 1902 420 1943 o'r.
444 1888 487 1943 Sic
509 1896 585 1944 retus
606 1898 662 1950 est.
685 1890 718 1944 ab
740 1907 773 1943 eo
797 1899 931 1963 tempure.
956 1908 1010 1963 qno
1032 1889 1139 1962 cupisti
1161 1889 1194 1944 de
1216 1888 1355 1962 evaugelio
1371 1897 1398 1943 ct
1413 1889 1576 1961 euangelicis
1592 1892 1655 1947 uiris

369 1972 437 2028 male
460 1974 569 2028 sentire.

337 2072 360 2111 rs
435 2053 532 2133 [etet]
577 2076 626 2115 uu.
651 2061 723 2114 Ante
745 2061 906 2130 correptores
928 2075 1038 2114 reienses
1059 2061 1239 2130 seripsemmt
1255 2062 1340 2113 omiei
1361 2062 1456 2114 nescio
1478 2062 1548 2131 quid
1568 2063 1656 2117 tibetb·

364 2152 502 2213 puratum
525 2146 553 2197 iu
577 2161 628 2199 me.
696 2161 745 2200 or.
768 2145 910 2216 b'ugautur
932 2145 1087 2218 quicunque
1109 2152 1173 2199 suut
1196 2144 1249 2206 illi,
1284 2161 1337 2199 uon
1368 2145 1444 2200 airiici
1474 2145 1521 2200 sed
1543 2147 1652 2218 pessimi

367 2228 569 2301 suggillatores.
614 2230 641 2284 ln
665 2228 802 2285 lliltbusio
824 2239 934 2304 paratus
957 2239 999 2285 est
1028 2230 1159 2303 primum,
1194 2230 1275 2302 idque
1306 2247 1360 2284 tino
1387 2238 1415 2284 et
1446 2229 1533 2284 altero
1561 2248 1652 2286 nicusc

366 2313 399 2367 ad
423 2332 571 2376 suumuun,
594 2323 622 2371 et
644 2333 675 2369 ex
697 2314 814 2377 calamo,
844 2334 873 2371 ae
895 2316 962 2370 eitra
986 2314 1096 2371 multam
1120 2315 1289 2370 allectionem
1314 2313 1353 2368 rel
1376 2332 1501 2370 corrasus
1523 2323 1652 2371 centones

367 2398 538 2453 familiarium
561 2399 752 2472 epistolarum,
776 2401 847 2473 quud
872 2409 899 2455 tu
921 2400 1042 2472 nugaris.
1089 2400 1149 2455 iude
1172 2400 1262 2456 statim
1286 2399 1407 2455 redditus
1438 2399 1485 2453 tibi
1514 2409 1569 2462 est;
1598 2401 1650 2456 nisi

330 2483 437 2539 aelurtc
461 2483 593 2539 tabellarii
617 2485 709 2540 lraude
731 2484 830 2559 aliquid
854 2486 952 2541 lactum
975 2495 1025 2541 est.

430 2564 529 2644 [denti]
576 2587 623 2625 uu.
647 2572 846 2640 E.rpeetobuot
868 2572 1160 2627 correertotr'uuculum
1183 2572 1308 2642 aliquem
1331 2572 1366 2625 de
1395 2571 1572 2641 eloqmutibus
1594 2571 1649 2625 Lu·

364 2655 447 2709 iberi.
514 2670 564 2710 or.
588 2657 721 2721 tluorsum
745 2656 854 2712 bieissct
877 2657 943 2711 banc
966 2656 1072 2710 inanem
1102 2661 1230 2729 operam?
1260 2656 1313 2711 llos
1343 2654 1409 2709 uibil
1436 2654 1590 2710 dubitamus
1617 2656 1650 2711 de

364 2739 522 2811 seripturis;
544 2739 596 2795 boc
618 2749 722 2796 tantum
745 2742 906 2797 studendum
929 2748 983 2801 est,
1008 2748 1038 2796 ut
1059 2740 1213 2814 complures
1236 2749 1331 2795 nostro
1355 2739 1552 2796 lucrifaciamus
1572 2742 1649 2813 gregi

364 2832 392 2879 et
413 2824 474 2879 lldei
496 2824 664 2881 Christianae.
709 2826 748 2881 Tu
771 2844 848 2888 reru,
872 2825 961 2898 siquid
983 2824 1105 2887 dubitas,
1128 2825 1229 2899 explico
1253 2825 1317 2897 quid
1338 2825 1389 2881 boc
1411 2826 1470 2881 est‘l

328 2920 354 2957 ²⁵
429 2903 528 2985 [llll]
572 2927 621 2966 uu.
655 2911 753 2966 Utrum
778 2918 871 2966 autem
894 2912 1039 2966 honestius
1061 2917 1103 2965 est
1125 2914 1257 2981 occipere
1276 2912 1430 2980 precarium
1459 2912 1494 2966 ab
1522 2913 1648 2981 impero·

363 3002 424 3049 tore
447 3012 481 3048 oc.
498 2997 648 3066 pontifice,
680 3004 711 3051 ut
732 2998 859 3067 disputes
882 2998 1021 3052 adversus
1042 2996 1217 3061 lutherum,
1247 3013 1284 3050 uu
1308 3014 1325 3048 u
1348 2996 1494 3051 niouoclu's
1516 2998 1648 3067 occipere

363 3082 534 3147 mercedem,
558 3088 589 3135 ut
610 3083 743 3136 eouiriciis
766 3082 868 3136 talibus
890 3083 1017 3136 incessus
1038 3082 1179 3135 remicurte?
1238 3096 1288 3135 or.
1312 3080 1369 3135 b'ou
1391 3081 1467 3136 audis
1489 3079 1558 3135 nibil
1579 3099 1647 3136 mer·

361 3164 435 3220 cedis
457 3165 601 3221 retulisse?
624 3165 671 3221 Vel
695 3167 716 3220 si
740 3183 853 3239 prorsus
876 3167 913 3222 ita
934 3166 1090 3226 contendis
1120 3183 1170 3238 nge
1193 3165 1309 3220 vicissim
1334 3174 1376 3226 tu,
1407 3174 1497 3221 utrum
1520 3173 1561 3223 est
1584 3166 1647 3221 ciri-

319 3323 321 3327 *
362 3250 414 3304 lius
437 3250 472 3304 ob
495 3252 642 3307 mercedem
665 3259 693 3305 et
715 3252 793 3306 ollam
810 3248 1019 3307 acardiualibus
1035 3250 1167 3306 obiectam
1183 3251 1300 3323 agnitam
1317 3250 1456 3306 veritatem
1479 3250 1646 3324 impugnare.

327 3349 353 3386 m
363 3353 395 3389 au
419 3344 527 3409 occepta
549 3337 670 3392 mercede
692 3335 726 3391 ab
748 3336 872 3392 bostibus
901 3335 987 3391 amico
1015 3336 1158 3391 conviciari
1188 3336 1259 3409 quod
1287 3335 1405 3408 agnitum
1434 3336 1574 3391 veritatem
1602 3354 1646 3390 cr·

362 3420 506 3494 qmguarit?

426 3501 523 3583 [emo]
569 3523 618 3563 un.
643 3507 727 3562 Ilicet
748 3510 835 3578 iqitur
859 3506 1004 3561 Hultenus
1025 3508 1098 3560 borea
1119 3507 1191 3575 fide,
1215 3524 1300 3576 quum
1316 3507 1404 3576 offam
1420 3508 1573 3562 obiecerint
1588 3526 1645 3562 uru-

361 3592 448 3646 unclu'
469 3599 496 3647 et
518 3592 653 3663 tbeoloqi‚
683 3600 712 3646 ut
738 3595 766 3647 iu
795 3608 838 3646 me
865 3594 1007 3646 latraret?
1083 3608 1133 3646 or.
1157 3592 1184 3645 Si
1213 3591 1282 3646 alius
1304 3609 1378 3646 esses
1408 3609 1487 3664 quam
1510 3591 1643 3650 Erasmus.

359 3676 509 3732 diceremus
532 3677 584 3733 boc
606 3677 670 3737 tibi,
694 3677 911 3751 quandoquidem
934 3677 972 3731 sic
996 3693 1091 3746 negem
1121 3676 1167 3731 scd
1199 3685 1286 3731 taurea
1310 3684 1425 3732 senectae
1448 3686 1476 3732 et
1498 3678 1643 3733 eruditioni

326 3778 426 3817 msuus
450 3761 593 3817 habebitur
615 3763 710 3817 bonos,
754 3750 916 3829 tJuiubona
939 3761 990 3815 lide
1013 3760 1090 3816 rriibis
1112 3761 1168 3821 dic,
1201 3779 1280 3834 quam
1312 3762 1391 3816 uillam
1418 3761 1575 3818 obiecerunt
1598 3782 1644 3836 pa·

359 3846 453 3919 pistre.
476 3855 506 3901 ut
528 3857 621 3902 contra
644 3847 836 3902 conscientiam
852 3865 942 3902 sanam
959 3846 1110 3901 doctrinam
1126 3846 1271 3907 aversaris,
1294 3855 1322 3902 et
1336 3844 1404 3901 claui
1418 3847 1528 3902 adiuvas
1543 3856 1642 3904 sectam

359 3932 553 4004 perniciosam.
576 3931 744 4003 evangelium
766 3932 916 4004 almegans.
940 3940 968 3986 et
992 3930 1038 3985 tibi
1064 3931 1114 4003 ipsi
1137 3931 1252 3985 accersis
1267 3931 1382 3986 celerem
1398 3932 1556 3987 interitum?
1579 3933 1643 4005 quid

358 4016 416 4090 spei
446 4016 543 4090 reliqui
573 4018 709 4079 lecerunt,
736 4027 766 4073 ut
794 4034 863 4072 iitiuc
886 4017 996 4072 ilaumas
1024 4015 1095 4089 quod
1119 4014 1182 4070 olim
1210 4015 1359 4089 probabas:
1393 4034 1463 4072 atrine
1490 4016 1642 4072 dissimulas

356 4102 430 4175 quml
453 4102 505 4157 scis
528 4101 704 4175 imposturam
726 4111 753 4156 et
776 4102 941 4158 inerrduoium
963 4106 1042 4157 csse?

322 4203 347 4241 to
421 4182 519 4263 [aaut]
565 4204 613 4243 uu.
644 4188 676 4241 Si
703 4193 795 4243 terruere
823 4189 869 4242 ille
894 4188 983 4258 sumre
1011 4187 1149 4241 rationem
1180 4186 1265 4240 ullum
1294 4187 1385 4241 babet.
1459 4205 1508 4243 or.
1531 4185 1641 4255 Qualem

354 4272 432 4327 laum
455 4272 588 4327 rationem
611 4272 751 4333 bulmerit,
775 4273 861 4345 ipsum
885 4272 960 4333 audi,
984 4289 1038 4327 nou
1061 4290 1110 4326 me.
1156 4270 1244 4343 ..egis
1278 4271 1381 4345 iuquit,
1414 4289 1427 4325 a
1457 4269 1531 4326 nullo
1555 4273 1641 4345 magis

354 4357 477 4430 ..llagitio
501 4375 609 4431 semper
631 4357 758 4413 abborrui
783 4376 863 4431 quam
886 4375 900 4412 a
924 4357 1078 4416 urendacio.
1102 4374 1189 4430 neque
1211 4356 1397 4411 detestabilius
1412 4356 1555 4430 quicquam
1571 4358 1640 4412 dueo

352 4460 452 4515 ..quam
475 4459 530 4497 nou
557 4442 717 4515 simpliciter
747 4451 775 4498 et
802 4442 903 4515 notium
932 4442 982 4497 lule
1014 4449 1041 4495 et
1069 4440 1145 4513 loqui
1168 4450 1193 4497 et
1219 4441 1306 4496 lacere
1329 4442 1432 4501 omnia.
1466 4450 1494 4496 ct
1516 4460 1529 4496 a
1553 4461 1640 4515 quero

352 4545 458 4600 „usque
481 4528 572 4582 studui
587 4536 626 4582 ut
648 4545 759 4601 syncere
782 4545 904 4583 versarer
926 4535 954 4582 et
976 4526 1102 4582 candide:
1126 4545 1187 4599 queo
1210 4543 1251 4580 mc
1266 4526 1346 4580 etiam
1363 4543 1406 4580 res
1429 4525 1639 4596 (euidentissime

315 4612 443 4673 .ro'..seiisi
467 4611 528 4681 hoc)
558 4615 642 4684 iuaqu
665 4631 744 4686 quam
768 4612 821 4668 ulla
844 4612 894 4667 alia
916 4611 1126 4667 ‹toiiuuendavitz
1156 4610 1256 4684 quippe
1286 4610 1368 4665 iurito
1396 4610 1463 4665 bunc
1492 4611 1556 4666 mibi
1586 4621 1638 4667 tam

351 4698 444 4769 ..gravi
469 4698 564 4752 iniuria
587 4706 733 4771 extorques
756 4698 923 4753 iactantiam:
948 4697 1038 4770 itaque
1060 4714 1121 4751 cuin
1145 4695 1171 4750 in
1195 4695 1332 4770 principes
1354 4713 1462 4769 quoque
1485 4695 1557 4749 sirus
1573 4697 1638 4753 seri·

416 4878 464 4929 ²ii
485 4885 511 4931 3.
564 4879 645 4930 5Ιιῑίε
665 4883 723 4929 1.2,
781 4881 966 4929 ⁸abieceriul
986 4883 1043 4928 Η.
1063 4878 1225 4928 obiecerunt
1244 4883 1269 4927 3.
1324 4876 1345 4908 ³⁶
1365 4879 1635 4928 ut'crsuris..adiu—
1671 4893 1676 4902 ·

348 4982 399 5015 vau
454 4967 575 5017 accersio
592 4983 689 5027 omues,
706 4982 757 5031 pro
771 4966 908 5016 averseris
925 4971 983 5017 ete..
1036 4963 1058 4994 ³³
1076 4964 1190 5013 domnas
1245 4962 1400 5013 disoiruulen
1412 4980 1505 5013 omues.
1558 4962 1576 4994 ⁴¹
1599 4966 1637 5012 iu-

348 5050 417 5117 quit]
436 5054 549 5118 Expost.
563 5053 603 5112 §5-
616 5050 721 5122 ot...ott.
774 5048 796 5082 ⁴⁴
814 5051 923 5100 sineere
942 5051 969 5099 3.
