3934 6034
471 664 590 715 ccum.
611 680 732 715 nrrrmn
746 680 782 715 an
797 681 858 715 non.
873 679 953 716 riussr
967 681 1123 717 exnonrar.
1139 680 1358 716 nnsrousomvu.
1375 672 1431 716 un.

459 837 497 898 tlt
518 853 575 896 uun
598 838 634 896 sit.
658 838 734 897 timui
757 856 836 907 snrs;
860 857 914 915 ego
937 837 1071 898 etirxtrum
1096 856 1203 898 numen
1225 838 1325 898 adure.

516 940 587 999 Nam
611 959 743 1000 caussam
767 941 841 999 haue
865 941 970 1000 Christi
993 943 1058 1019 quis
1081 947 1167 1016 negat
1189 960 1251 999 esse
1275 940 1380 1000 sutem?

459 1041 562 1102 Nesein
585 1062 643 1121 quo
665 1062 712 1102 me
735 1045 791 1102 sata
816 1049 933 1103 vueerrt:
957 1063 1143 1122 qnmmnque
1167 1042 1326 1112 rorabunt,

399 1162 428 1201 aa
515 1144 624 1204 Cnuatu
649 1152 760 1205 eertum
785 1153 908 1205 estium
933 1146 1095 1223 trqrietaute
1118 1146 1210 1223 sequi.

458 1244 583 1306 Desinite
605 1246 723 1306 exitium
746 1248 842 1307 ‹tutriis
864 1248 1024 1307 obtemtere.
1047 1248 1162 1324 unquis:

514 1348 576 1408 Nun
600 1352 670 1409 tanti
694 1357 737 1410 est
757 1368 840 1409 serra
864 1350 959 1409 vivere
982 1368 1049 1409 enm
1072 1350 1180 1426 patum

459 1449 493 1509 ‚u
515 1470 594 1511 murs
616 1451 710 1531 qumis
732 1454 803 1521 erit,
827 1471 891 1530 qum
914 1471 976 1521 me,
1000 1452 1078 1530 qunti
1101 1453 1155 1511 rita
1178 1449 1315 1529 negabat,

400 1574 429 1610 sn
515 1552 683 1633 Eripietqne
706 1554 788 1614 maiis
809 1557 1001 1634 restituetque
1023 1555 1109 1614 mitri:

459 1656 630 1734 Quanquam
654 1659 768 1716 animus
791 1657 910 1717 meliora
934 1657 1005 1717 ruiiri
1027 1658 1164 1734 prmsagit
1185 1659 1279 1715 eunti:

515 1758 585 1829 Quae
608 1777 639 1818 se
662 1777 787 1837 eumque
810 1759 934 1828 (ieiunat,
958 1778 1010 1837 spe
1034 1765 1182 1837 praeeunte
1204 1777 1318 1837 sequar.

458 1857 528 1927 Quis
549 1861 603 1920 scit
625 1878 661 1920 an
684 1861 763 1922 hune
785 1864 893 1922 trustra
917 1861 1048 1921 Christus
1070 1861 1136 1921 vetit
1158 1880 1221 1921 esse.
1245 1860 1384 1932 tabnrem,

398 1983 427 2019 ω
514 1961 547 2020 Et
570 1962 681 2022 diversa
705 1972 802 2025 vetent
823 1965 938 2024 vincere
961 1964 1017 2022 tata
1042 1964 1132 2022 rinus?

457 2062 515 2122 Lex
539 2064 632 2124 [lirina
656 2085 768 2136 enmeS,
792 2084 978 2145 quorumque
1002 2066 1165 2133 erminum,
1188 2066 1255 2126 inu:

513 2166 574 2225 line
595 2168 713 2227 tandem
736 2168 845 2228 licitum
869 2176 912 2228 est
934 2169 1025 2229 sidere
1048 2169 1196 2246 praesidio:

458 2266 588 2327 Forsitan
613 2276 641 2328 et
663 2272 749 2330 soriis
771 2271 864 2330 atterit
887 2271 1062 2330 Francisrns
1084 2273 1112 2329 iu
1136 2271 1224 2329 armis

399 2388 425 2428 nr
513 2372 678 2451 inrietaqne
701 2391 790 2433 ruens
813 2380 948 2433 conseret.
969 2391 1049 2433 arma
1074 2391 1176 2438 mauu;

457 2474 511 2531 Aut
534 2473 625 2534 reims
647 2481 739 2535 tntum
763 2476 807 2534 tris
829 2475 903 2534 nmio
926 2494 956 2535 se
979 2478 1114 2536 immittet
1136 2481 1286 2554 equester,

514 2575 548 2634 Et
570 2577 700 2636 referent
722 2578 771 2655 qni
793 2596 840 2637 rue
863 2577 1036 2645 deseruere,
1061 2578 1174 2655 qnniem.

457 2678 598 2755 uunquid
624 2680 691 2746 erit,
714 2679 838 2739 Romam
861 2682 961 2741 rieteur
984 2688 1118 2757 speetare
1134 2687 1287 2745 ruentem.

399 2800 426 2840 us
511 2779 670 2857 Regnaque
693 2781 839 2841 deiectum
861 2783 988 2860 perdere
1010 2784 1192 2860 pontitieem,

456 2880 636 2966 Restituique
658 2883 723 2943 inco
747 2883 893 2944 Christum
917 2892 947 2944 et
968 2904 1020 2944 sua
1044 2886 1119 2944 iussa
1142 2886 1324 2963 sequeuteis,

511 2984 643 3062 Veraqne
666 3003 770 3045 senune.
794 2986 882 3046 rerba
906 2987 994 3047 licere
1016 2986 1112 3065 tuqui:

456 3086 516 3146 Huc
540 3106 641 3155 nmen,
666 3106 733 3165 spes
756 3089 827 3147 trare.
874 3090 948 3161 Onirt
972 3092 996 3150 si
1019 3109 1136 3168 qnoque
1159 3089 1261 3167 sydera
1286 3090 1404 3150 vuirunt

401 3208 426 3247 τε
511 3189 657 3250 Infaustus
678 3190 779 3250 Ruune
800 3191 988 3270 puntitieique
1010 3193 1089 3252 diest
1162 3181 1166 3189 ’

456 3293 540 3351 Certe
563 3292 636 3352 adeo
659 3292 790 3360 vuirunt,
815 3296 950 3372 venitque
973 3294 1100 3371 unt-abite
1124 3301 1254 3371 tempus,

512 3396 576 3464 Qun
599 3394 684 3455 iieeat
706 3395 782 3454 {imin
806 3396 925 3455 {tenure
949 3394 1021 3455 culta
1045 3398 1127 3474 iugo:

458 3496 553 3564 Venit,
578 3504 605 3557 et
630 3497 794 3573 ingentium
818 3506 862 3558 est
885 3499 992 3558 tatum:
1016 3501 1110 3575 eapite
1133 3517 1228 3565 annua,
1252 3498 1381 3567 sodates,

399 3620 424 3658 aa
512 3600 563 3659 uic
585 3599 702 3660 «tantun
726 3601 811 3659 sitam
835 3601 958 3661 iinrelere.
982 3619 1036 3677 qun
1058 3602 1161 3677 patria.

455 3701 570 3779 integer
593 3702 660 3760 trine
682 3701 828 3762 Aieamter
850 3702 925 3766 aiut:
949 3702 1071 3762 ‹tuiiimu
1094 3702 1150 3762 ime
1173 3709 1269 3762 tamen
1292 3703 1346 3772 iiii,

512 3805 566 3876 uui
589 3803 678 3863 seruet
702 3805 817 3880 effugit,
842 3823 957 3881 seuqnn·
982 3814 1014 3864 ut
1036 3806 1163 3881 eiiugiat.

455 3904 547 3974 Quem
570 3905 638 3966 lieet
660 3908 764 3985 eripiat
786 3906 883 3966 Caesar
906 3907 991 3966 mitri:
1016 3910 1137 3967 stamina
1162 3908 1273 3969 ‹tireunt

398 4029 425 4065 m
511 4008 541 4067 in
564 4008 677 4067 subitus
698 4010 798 4068 Pareae
821 4009 1012 4087 perrarianda
1037 4010 1113 4070 dies:

455 4109 586 4169 Forsitan
610 4109 689 4170 lmue
712 4110 815 4170 metim·
837 4111 981 4189 dilapsum
1006 4112 1074 4171 trine
1097 4113 1167 4172 imra
1192 4112 1333 4179 remtret,

509 4212 567 4272 Nec
590 4231 641 4271 sua
665 4230 724 4272 nnn
748 4213 846 4273 itidem
870 4216 926 4273 sata
950 4214 1080 4275 Marinus
1103 4214 1199 4275 trahet.

452 4313 535 4383 mnu
558 4316 654 4391 potui,
679 4315 776 4375 faeere
799 4316 931 4382 insidias,
956 4334 1073 4376 serrare
1096 4335 1243 4384 recessus,

393 4439 421 4477 st
508 4417 725 4496 Conqrieetiqne
748 4435 850 4477 numus
873 4416 1025 4476 nirsirtinue
1049 4420 1122 4486 rias,
1194 4478 1198 4486 ,

451 4518 600 4579 Cessatum
624 4518 694 4579 nihii
717 4526 774 4584 est:
798 4528 827 4579 at
850 4521 971 4579 Caesaris
994 4521 1109 4596 agmine
1131 4521 1185 4579 tuti

504 4620 651 4681 Evadunt:
675 4622 779 4683 mettas
801 4623 843 4681 sie
865 4621 989 4680 voluisse
1013 4622 1109 4682 deum

277 4792 502 4809 “—

358 4929 382 4958 ³‘'
404 4942 515 4977 cansam
535 4933 560 4979 3.
625 4926 645 4958 ⁵¹
666 4942 834 4993 quocumque
854 4930 914 4979 23.
980 4926 1002 4958 ⁵³
1022 4929 1148 4979 exsilium
1168 4932 1228 4979 m.
1293 4929 1315 4961 '³⁷
1333 4933 1502 4997 Quamquam
1523 4936 1547 4983 2.
1559 4938 1583 4983 3.

277 5021 302 5052 δ”
324 5028 443 5080 cunque
462 5016 520 5065 Η.
556 5011 672 5078 nanos]
692 5013 833 5063 efaressi
853 5013 955 5063 exlmrt.
975 5005 1056 5063 v'.·.’5.
1098 5014 1120 5045 ⁶⁵
1137 5013 1191 5081 liis]
1210 5016 1256 5065 hie
1276 5020 1335 5066 m.
1370 5018 1391 5050 ⁷¹
1410 5019 1503 5070 sidera
1522 5024 1581 5072 2.3.
