3934 6034
516 717 712 768 cccxxxln.
733 733 851 768 seoaem
865 733 967 768 enisus
981 733 1123 768 anteesse
1137 731 1308 767 neeeaeisae
1322 731 1453 766 averem.
1551 701 1624 772 287

348 891 394 948 dis
416 894 444 948 iu
469 876 550 949 illum
571 891 709 963 consero:
732 892 780 949 lile
802 891 948 949 Ilntlenus
971 889 1132 964 quetisereus
1159 884 1316 947 δείνωσιν
1343 904 1427 947 selam
1456 888 1551 959 ‘Ouid’
1574 892 1624 947 lu-

347 995 410 1064 quit
439 989 597 1066 illnpinu?
630 1000 741 1066 quauta
763 1003 791 1051 et
811 996 874 1067 ipse
897 993 964 1051 tulm
994 991 1046 1049 aln
1074 997 1100 1048 te
1118 987 1272 1050 eatiilnr?'
1306 1007 1394 1063 quum
1416 992 1483 1051 liaeo
1503 1006 1568 1048 una
1591 990 1628 1048 de

347 1095 397 1150 illo
418 1095 479 1150 sint
499 1096 601 1165 aetla,
635 1095 693 1151 ‘Ad
712 1095 777 1154 laea
795 1095 952 1153 reuerendi
968 1095 1066 1168 patris
1086 1092 1210 1150 Ioannis
1233 1095 1401 1167 Glapionis,
1434 1096 1486 1167 qni
1514 1093 1629 1151 Casani

347 1199 421 1253 ‘erat
447 1213 465 1254 a
487 1198 691 1256 eoiieionilus'.
732 1199 797 1256 laea
815 1207 858 1255 est
878 1195 946 1255 atla
969 1211 1028 1269 qua
1048 1197 1142 1253 uirum
1165 1197 1246 1254 illum
1268 1196 1400 1254 decanto.
1441 1195 1502 1253 Sed
1521 1197 1693 1269 impu-tum.

324 1298 465 1357 salentius
490 1308 533 1356 est
559 1300 638 1372 quod
661 1300 758 1370 addit,
792 1300 889 1370 ‘Atqui
920 1299 1033 1356 solebas
1061 1300 1203 1356 execrari
1233 1297 1357 1355 leominis
1383 1294 1557 1356 maliciom':
1591 1297 1628 1354 de

351 1402 493 1474 Glapione
512 1418 662 1472 uiauquam
685 1401 800 1458 ueritum
823 1417 915 1473 neque
934 1401 1002 1457 diei
1022 1415 1114 1471 neque
1144 1401 1252 1473 scripsi
1271 1398 1415 1470 Hutleuo,
1441 1400 1495 1457 sed
1521 1404 1551 1455 at
1574 1399 1628 1456 ime

349 1503 534 1561 raendneitun
556 1504 663 1574 aliquis
684 1509 831 1576 eonipotar
852 1504 898 1559 illi
918 1502 1038 1566 detulit:
1059 1511 1088 1558 et
1107 1518 1147 1559 en
1168 1501 1334 1559 huiusmodi
1354 1503 1459 1559 unalis
1481 1502 1632 1559 contenuit

350 1607 437 1662 talem
463 1606 641 1662 calumniam
664 1607 694 1662 iu
717 1607 860 1671 amicum·
891 1612 978 1677 atque
1000 1604 1048 1660 aa·
1069 1605 1154 1661 etiam
1179 1619 1225 1661 me
1246 1603 1283 1661 de
1306 1603 1447 1677 Glapioite
1468 1605 1629 1675 loquentem

347 1704 427 1776 saell
446 1724 513 1778 quie
540 1707 613 1764 milu
642 1724 678 1765 ae
707 1723 764 1781 per
791 1709 931 1764 somnium
962 1707 1078 1779 quidem
1111 1720 1241 1777 uuquam
1268 1712 1410 1764 teneram
1435 1707 1464 1762 ia
1491 1713 1630 1762 mentem:

317 1825 342 1863 m
354 1808 525 1881 Glnpiouem
541 1812 629 1866 semel
646 1809 796 1866 damano!
812 1809 903 1866 trtius
918 1807 1013 1865 aerius
1033 1809 1173 1877 salutati,
1193 1806 1275 1878 forte
1290 1808 1416 1880 obuium,
1440 1807 1528 1879 idque
1542 1805 1630 1863 Bra-

350 1911 440 1967 xella
453 1918 520 1982 post
540 1911 756 1969 llormaaieuse
769 1911 940 1976 concilium·
961 1916 1072 1968 catera
1087 1911 1180 1967 literis
1194 1915 1261 1967 ueto
1280 1916 1349 1968 sunt
1368 1911 1444 1967 inter
1466 1925 1526 1967 nos.
1560 1908 1633 1980 quid

351 2013 400 2069 ille
425 2012 539 2069 molitus
558 2014 595 2069 sit
614 2021 667 2070 uu!
681 2013 833 2085 pereqerit
850 2013 880 2068 iu
898 2010 1059 2070 lutherum
1079 2013 1193 2079 neseio:
1214 2019 1292 2071 certe
1310 2012 1452 2084 quiequid
1471 2012 1557 2068 liutius
1575 2009 1629 2081 fe-

351 2116 405 2185 eit,
428 2129 483 2171 nou
506 2130 568 2171 meo
587 2112 663 2184 feeit
683 2115 819 2187 impulsu.
854 2128 920 2184 eqo,
943 2120 975 2171 ut
996 2116 1123 2185 inqenue
1143 2114 1254 2185 dieom,
1275 2113 1517 2187 quemadmodum
1537 2129 1616 2170 uau-
1628 2122 1700 2171 tasi.

353 2232 439 2287 qaam
463 2231 636 2273 ineassum
659 2214 845 2272 leominitoto
868 2222 990 2288 pectore
1007 2216 1117 2286 fidere,
1146 2218 1186 2273 ita
1214 2232 1362 2288 utinquam
1388 2218 1468 2288 qessl
1492 2217 1521 2271 in
1550 2216 1631 2273 illum

320 2318 501 2375 isitiiniienne
524 2320 663 2376 tenentum.
703 2316 776 2375 milii
793 2328 871 2374 certe
892 2332 949 2374 uon
970 2319 1060 2375 semel
1078 2323 1227 2374 strenuum
1250 2320 1374 2375 amionem
1394 2317 1524 2391 praetulit
1549 2314 1634 2389 apied

356 2418 517 2490 Caesarem,
540 2420 618 2492 quod
636 2422 707 2477 sotis
728 2419 819 2477 habeo
840 2425 1027 2492 compertum.
1056 2418 1123 2477 lom
1143 2435 1210 2478 vero
1226 2419 1366 2491 festiuum
1380 2427 1423 2477 est
1441 2417 1520 2491 quad
1537 2418 1700 2482 tomaene.

352 2522 516 2594 piespieon·
539 2538 576 2579 ae
589 2522 722 2596 aneeus
743 2539 782 2579 ea·
803 2538 860 2581 uuio
880 2523 1023 2594 colloquio
1042 2522 1122 2580 itatis
1138 2523 1181 2580 sie
1202 2522 1337 2596 deplnqit
1350 2522 1529 2594 Glapiouam
1548 2521 1636 2592 quasi

356 2622 465 2680 modios
487 2624 598 2694 aliquot
617 2626 687 2682 salis
707 2640 773 2682 aiae
793 2626 842 2682 illo
863 2624 966 2682 ederit.
1009 2624 1143 2696 equidem
1171 2631 1311 2696 quantum
1342 2624 1489 2696 inqeninm
1512 2622 1635 2680 nominis

356 2741 396 2781 ece
412 2725 591 2797 prudentum
613 2727 786 2783 namatione
806 2743 880 2799 eque
906 2727 999 2799 ipsius
1021 2726 1064 2783 ad
1087 2742 1132 2784 me
1152 2728 1245 2784 literis
1265 2728 1410 2784 eoniieere
1429 2726 1524 2797 potui,
1554 2722 1634 2781 llut-

323 2834 439 2886 ealenns
460 2827 601 2885 sidetem
619 2829 706 2884 unitis
728 2830 847 2886 uixisset
867 2843 931 2886 mem
954 2827 1112 2901 Glemona,
1134 2829 1262 2886 nondum
1280 2828 1464 2901 peruoaisset
1484 2828 1563 2884 illius
1584 2828 1634 2882 iu-

354 2931 481 3001 qenium.
520 2944 576 2986 nou
592 2931 679 3003 potui
699 2945 766 2988 uero
786 2933 849 2987 sine
867 2932 930 2987 risu
950 2932 1061 3001 leqere,
1083 2930 1163 3001 quod
1183 2946 1270 3001 quum
1294 2930 1432 3003 Glaptoul
1451 2930 1556 2984 miram
1579 2942 1634 2983 aa·

354 3030 474 3102 srieiem
493 3029 673 3102 effinxisset,
692 3047 738 3088 me
750 3029 829 3101 [neit
845 3032 890 3088 illi
906 3032 1091 3088 simillimum.
1123 3033 1179 3088 imo
1193 3045 1250 3088 nou
1268 3039 1326 3087 tum
1344 3031 1494 3088 dissimilis
1507 3030 1636 3087 eumelus

358 3135 440 3208 vulpi
459 3149 546 3205 quom
566 3133 708 3192 Erasmus
730 3132 878 3190 dissimilis
901 3133 1050 3206 alamani,
1073 3133 1100 3188 si
1122 3132 1207 3190 modo
1228 3133 1397 3203 latuerat,
1421 3133 1534 3205 qieolem
1555 3130 1635 3189 nobis

359 3236 491 3309 depluqit
518 3235 670 3297 Haltenus.
714 3233 775 3291 Sed
796 3236 833 3293 de
854 3238 924 3293 meis
946 3234 1073 3293 moribus
1093 3236 1151 3291 erit
1176 3234 1247 3292 otili
1269 3233 1389 3292 dicendi
1409 3236 1498 3293 loeus.
1540 3232 1622 3291 Male
1635 3249 1703 3298 §.aa

326 3338 448 3395 saltabat
467 3347 495 3395 et
515 3338 592 3394 illud
611 3336 783 3410 Eudemum,
812 3337 891 3409 quod
911 3339 940 3394 in
962 3336 1092 3409 quadam
1114 3338 1236 3409 epistola
1260 3352 1319 3409 per
1339 3337 1518 3394 occasionem
1540 3336 1637 3393 insero

360 3439 537 3513 Syleostrutn
554 3438 716 3495 Priermem
736 3439 904 3497 lsentaulter
924 3446 953 3496 et
973 3445 1109 3495 nmaider
1130 3438 1173 3495 ad
1186 3453 1232 3495 me
1250 3440 1415 3512 scripsisse,
1438 3454 1525 3511 quam
1541 3448 1637 3496 tamen

360 3544 441 3598 illum
463 3556 499 3596 ne
522 3541 602 3597 titulo
623 3540 739 3612 quidem
760 3541 919 3612 honorifico
940 3541 1063 3613 aliquem·
1082 3546 1194 3597 tantum
1214 3542 1262 3598 aio
1277 3539 1423 3615 Sqluester
1441 3541 1490 3597 ille
1506 3538 1638 3598 Primos.

361 3643 439 3699 illius
462 3641 505 3697 ad
530 3656 575 3698 me
599 3644 701 3700 literas
723 3643 788 3701 dieo
812 3643 1020 3700 humanissime
1045 3643 1183 3715 saeptas.
1235 3642 1258 3700 θ
1285 3645 1390 3701 miram
1420 3637 1639 3701 adulationem!

362 3743 432 3800 ‘Sed
452 3745 508 3799 ista
528 3739 641 3800 scribis'
664 3745 759 3816 inquit
779 3745 817 3802 ‘tn
840 3744 979 3802 inuidiam
995 3741 1136 3802 Lutluri.
1156 3745 1213 3802 imo
1231 3746 1261 3802 in
1281 3744 1336 3803 luae
1353 3747 1472 3819 scripsi,
1495 3751 1527 3801 nt
1539 3749 1638 3801 osten-

329 3847 461 3904 mderem
482 3861 544 3902 esse
565 3859 703 3916 eolesam,
731 3862 786 3904 eur
807 3847 845 3905 de
866 3846 960 3905 Roma
982 3846 1124 3904 adeunda
1145 3848 1314 3918 eoqitarem.
1358 3847 1463 3918 quodsi
1489 3853 1640 3919 tantopere

361 3962 498 4021 eeiperem
529 3962 643 4003 mouera
664 3947 804 4005 inuidiam
834 3947 976 4018 Lutlero,
1009 3950 1110 4006 liceret
1136 3948 1190 4006 leoo
1218 3949 1285 4006 aliis
1313 3947 1475 4007 rationibus
1501 3946 1638 4019 efficere:

361 4060 440 4109 eerte
462 4048 625 4106 Prierotem
646 4063 760 4123 semper
781 4052 951 4123 contempsit
976 4050 1131 4109 Lullierus.
1170 4049 1236 4108 lom
1258 4052 1288 4107 iu
1312 4050 1452 4124 Cataloqo
1476 4048 1627 4108 Marinum
1640 4066 1706 4116 §.aa

364 4153 564 4210 Caraeeiolnm
586 4167 654 4209 uoco
675 4152 866 4210 reverendum
885 4157 1001 4225 patrem
1022 4155 1159 4211 naamam
1176 4153 1261 4226 apud
1276 4152 1423 4211 Caesarem
1442 4154 1639 4226 apostolicam,

363 4255 437 4312 nillil
457 4253 543 4311 aliud
563 4252 601 4310 de
623 4256 672 4311 illo
688 4254 879 4327 praedicans,
907 4256 965 4312 nisi
984 4254 1065 4326 quod
1085 4258 1109 4312 is
1131 4261 1245 4328 preater
1271 4262 1393 4314 anteros
1414 4254 1547 4312 tantatus
1567 4262 1642 4312 esset

329 4373 422 4428 seme,
445 4362 476 4412 ut
494 4354 650 4414 scriberem
670 4357 811 4415 adsersus
831 4356 1000 4416 Littlterum.
1038 4357 1076 4414 At
1094 4356 1238 4416 Huttenus
1257 4365 1340 4416 timeat
1360 4356 1439 4416 liniue
1457 4357 1565 4415 mulam
1585 4355 1641 4413 lto-

433 4542 439 4574 ¹
460 4538 542 4605 lietu]
563 4541 812 4605 exaggerationem.
884 4539 1046 4606 ⁶Hutteno]
1070 4543 1165 4607 Neque
1184 4543 1234 4592 hoe
1253 4543 1361 4593 dixerat
1377 4543 1530 4605 Huttenue,
1553 4556 1641 4606 neque

366 4628 436 4692 quod
455 4629 593 4675 lluttenus
611 4626 694 4685 dixit,
722 4626 886 4709 simpliciter
909 4641 1012 4690 negare
1037 4627 1119 4676 eudet
1140 4628 1282 4677 Erasmus:
1309 4628 1383 4679 veris
1405 4628 1529 4677 omnibus
1550 4626 1642 4676 uerbis

366 4713 473 4761 mentiri
493 4711 628 4759 didicerat
641 4711 783 4773 Eraenms,
803 4717 833 4759 ut
851 4709 895 4761 vel
913 4710 1038 4775 publicos
1056 4714 1143 4761 nostri
1161 4712 1256 4762 emeuli
1269 4718 1433 4777 proxenetas
1445 4712 1642 4778 peierandique

368 4797 488 4845 artilieee
507 4800 640 4859 aequaret.
709 4794 731 4826 ²⁰
749 4795 864 4844 nondum
884 4792 1007 4860 pernae]
1027 4796 1112 4845 Recte
1131 4797 1214 4858 dicis,
1234 4786 1360 4860 Eresme3
1378 4813 1430 4847 nee
1449 4803 1524 4846 tuum
1543 4812 1642 4862 cogno-

367 4888 457 4938 verat,
478 4883 524 4945 qui
543 4881 657 4930 cottidie
675 4887 702 4928 te
722 4879 836 4944 prodere
855 4881 913 4944 ipse
926 4880 1049 4930 solebas:
1068 4880 1244 4930 candidorum
1258 4886 1285 4931 et
1298 4884 1480 4932 constantium
1493 4883 1643 4932 animorum

368 4983 400 5014 ea
420 4972 459 5015 est
479 4967 656 5031 simplicitas,
681 4971 710 5014 ut
729 4963 890 5030 versipelles
908 4964 1081 5015 simulatores
1098 4966 1368 5031 ‹lissimnlatoreeque
1392 4973 1439 5017 aut
1461 4969 1570 5018 omnino
1589 4983 1641 5019 non

367 5057 535 5116 cognoscunt
554 5058 601 5101 aut
619 5067 680 5126 sero
699 5055 876 5116 cognoscant.
911 5046 934 5080 ¹⁴
952 5050 1100 5114 Expoet.§.
1118 5050 1173 5101 134.
1208 5050 1229 5084 ¹²
1248 5052 1396 5117 Expoet.§.
1413 5051 1468 5103 135.
