3934 6034
352 677 530 728 CCCLXXX.
545 694 647 728 saisiri
662 695 697 728 an
711 694 859 729 iiorzsnrn
873 695 906 728 ns
921 695 1019 728 irniiio
1033 695 1056 728 e.
1071 694 1241 728 nerssuoar.
1255 695 1295 729 ne.
1312 697 1335 729 n.
1345 689 1364 729 t.
1374 697 1452 730 enan.
1463 690 1518 731 rats.
1561 665 1628 736 431

352 855 457 928 siquem
481 854 682 927 typographum
706 862 757 909 tani
788 855 910 910 insanum
935 854 1052 909 nancisci
1076 854 1224 928 patuisset.
1249 855 1394 928 ‘qiimiiani'
1418 856 1504 927 inquit
1528 854 1635 911 ‘tidelis-

351 940 448 994 simum
469 939 541 994 illins
558 938 686 994 laiinilam
702 949 729 994 et
745 939 994 994 innocentissimum
1012 938 1063 969 *⁸*
1082 939 1128 1012 qui
1146 947 1201 994 tres
1217 938 1326 994 abbates
1345 940 1370 994 in
1386 940 1489 995 ditione
1504 941 1634 1015 principis

353 1024 426 1079 illins
442 1024 583 1079 latrocinio
600 1024 745 1079 uiaiiilcsto
761 1024 872 1079 ailartus
893 1025 968 1079 est‘?'
993 1033 1048 1079 tnm
1072 1023 1117 1077 ille
1141 1024 1256 1079 ‘l'crum'
1279 1025 1366 1096 iaqnit
1390 1025 1423 1079 ‘id
1448 1025 1511 1079 lecit
1532 1025 1633 1080 damini

352 1110 460 1171 ‘iussii';
483 1110 526 1164 liic
541 1127 593 1182 ego
616 1109 721 1169 ridens,
745 1125 808 1164 num
832 1109 924 1165 istliaec
946 1109 1081 1164 accusatio
1105 1108 1231 1164 liberaret
1254 1108 1368 1164 lamiilos
1390 1127 1478 1169 ineos,
1502 1110 1524 1163 si
1541 1110 1566 1164 in
1583 1129 1636 1165 ma·

330 1195 453 1249 snilesto
476 1194 637 1268 deprehensi
660 1195 735 1249 lurto
758 1195 878 1250 dicerent
900 1211 928 1248 se
952 1194 1078 1268 quicquid
1102 1194 1230 1249 fecissent
1253 1211 1311 1249 inco
1342 1195 1438 1249 iecisse
1467 1195 1560 1250 iussu?
1589 1195 1635 1250 llis

352 1288 409 1334 tuin
433 1279 540 1352 quidem
562 1289 666 1334 tantum
690 1280 781 1334 arrisit
804 1278 864 1341 illo,
889 1280 935 1333 sed
960 1280 995 1334 ita
1018 1277 1115 1334 detulit
1137 1280 1168 1333 ad
1193 1279 1352 1340 lluttenuin.
1377 1288 1406 1334 nt
1430 1278 1473 1333 ille
1489 1280 1564 1334 niiris
1580 1299 1636 1336 ina·

351 1365 393 1418 dis
416 1365 556 1425 incineret,
587 1364 658 1437 qnod
689 1363 752 1418 illud
781 1373 908 1437 equestre
937 1364 1041 1419 laciniis
1065 1365 1138 1419 lurto
1161 1363 1266 1437 plebeio
1289 1382 1495 1437 comparassem.
1541 1365 1636 1421 llnias·

353 1450 423 1504 inodi
448 1449 530 1504 inulta
553 1458 616 1522 post
637 1449 771 1522 europem,
795 1449 876 1521 longe
899 1448 974 1522 plura
998 1458 1166 1523 compertus.
1190 1449 1241 1504 nisi
1265 1465 1342 1504 nemo
1365 1466 1407 1504 ine
1430 1449 1522 1505 talium
1545 1468 1634 1505 reruni

352 1543 426 1589 esset
455 1534 625 1589 incuriosior.
671 1535 787 1588 Tandem
815 1533 877 1588 liinc
906 1542 978 1588 iuetn
1007 1552 1035 1588 se
1064 1533 1188 1589 sabdnsit
1212 1533 1353 1589 lluttenns.
1397 1536 1429 1589 ad
1452 1552 1530 1607 quein
1554 1552 1635 1609 quum

320 1617 581 1693 iiiEpplieiiilarpius
604 1619 717 1675 subinde
740 1628 907 1678 recurreret.
937 1618 987 1673 alia
1017 1619 1087 1693 apud
1111 1618 1198 1679 illnin,
1229 1618 1279 1673 alia
1302 1619 1371 1692 apud
1395 1637 1436 1674 me
1459 1619 1636 1692 loquebatur:

354 1704 378 1758 id
401 1704 498 1759 crebre
521 1704 675 1777 suspicatus
698 1713 761 1777 post
782 1705 911 1777 comperi.
956 1705 1121 1777 Scripseram
1146 1705 1216 1758 forte
1239 1722 1288 1777 per
1316 1704 1397 1760 aliam
1427 1706 1557 1778 quendam
1581 1706 1637 1760 llil·

355 1789 418 1843 tusii
443 1798 499 1844 tuni
523 1791 612 1861 agenti
637 1791 723 1845 inscio
740 1788 962 1862 Eppbenilorpio:
986 1789 1127 1862 respoudit
1143 1789 1188 1843 ille
1211 1789 1252 1844 bis
1276 1788 1363 1843 verbis
1387 1789 1442 1843 ‘Ubi
1460 1788 1538 1863 fingis
1561 1792 1637 1846 odia·

354 1885 419 1929 ‘saia
443 1891 512 1929 iinnc
536 1874 652 1931 suliulam
675 1875 706 1929 ile
730 1874 916 1947 lippaeaustis.
941 1891 1057 1948 quorum
1073 1874 1142 1948 apnil
1159 1892 1200 1929 ine
1215 1872 1288 1929 nnlla
1312 1890 1427 1947 unquam
1451 1875 1551 1930 mentio
1568 1878 1636 1932 lacta

355 1968 417 2018 est.
441 1968 469 2014 et
492 1959 513 2013 si
530 1957 739 2033 Eppliendorpio
763 1959 787 2014 id
812 1959 977 2018 mandasses.
1002 1959 1028 2013 in
1052 1967 1178 2032 promptu
1202 1959 1273 2032 quod
1298 1960 1474 2033 responderet
1489 1960 1636 2023 habuisset.

324 2054 460 2117 ia‘neinpe
489 2044 559 2117 qnod
584 2062 674 2120 operm
698 2062 750 2099 non
774 2053 846 2098 esset
869 2043 900 2099 ad
923 2062 964 2099 me
989 2045 1105 2104 referre.
1135 2061 1217 2117 quum
1246 2043 1347 2099 solemn
1375 2062 1435 2100 cuin
1463 2043 1523 2100 aliis
1545 2047 1636 2101 amicis

355 2129 394 2183 ‘ad
417 2130 484 2184 diras
507 2138 554 2184 aut
578 2139 632 2185 tres
656 2145 848 2202 nonnunquam
872 2129 952 2183 boras
976 2129 1002 2183 in
1026 2131 1086 2185 loro
1109 2130 1140 2184 ad
1163 2127 1330 2202 colloquium
1344 2130 1475 2185 detineri:
1499 2131 1566 2187 adeo
1582 2148 1636 2186 non

356 2215 439 2287 ‘potui
472 2214 565 2269 abessa
595 2215 627 2270 nb
657 2214 850 2287 lippocanstis!
893 2214 949 2269 laec
978 2213 1128 2275 lliittenns;
1159 2214 1234 2287 atqni
1257 2213 1388 2269 llenricns
1411 2214 1636 2290 Eppliendorpius

355 2300 418 2353 inibi
441 2300 544 2354 dixerat
567 2300 712 2355 llnttenaai
736 2298 770 2353 iib
793 2298 914 2353 morbum
938 2316 991 2353 non
1022 2317 1100 2371 passe
1129 2298 1221 2354 abesse
1250 2298 1283 2354 ab
1311 2300 1493 2372 lippocaastis.
1536 2301 1637 2356 Crebro

354 2384 418 2438 milii
447 2385 624 2457 responderat
653 2383 726 2439 illuni
756 2384 818 2438 boni
848 2383 991 2440 consulere
1020 2384 1091 2456 qnod
1120 2384 1207 2456 ipsam
1231 2401 1284 2438 non
1307 2384 1475 2440 admitterem
1499 2386 1530 2440 ad
1553 2385 1637 2441 collo·

319 2469 463 2540 inquiam:
493 2470 566 2541 atqui
591 2478 653 2543 pust
674 2469 788 2540 cumiani
816 2486 847 2524 eii
871 2467 1051 2523 lleresbaebio
1077 2478 1104 2523 et
1134 2467 1193 2523 aliis
1222 2486 1276 2522 rem
1300 2468 1380 2541 longe
1402 2468 1480 2524 aliter
1502 2470 1637 2526 babuisse.

355 2554 456 2609 llnrsns
478 2554 509 2608 ad
533 2554 598 2610 alias
621 2555 748 2627 qiiasdain
772 2553 876 2609 litteras
905 2572 977 2608 ineas
1002 2553 1135 2609 llutteiius
1163 2554 1305 2626 respondit
1336 2555 1391 2609 baec
1414 2554 1478 2609 ‘lloc
1506 2556 1577 2629 qnod
1609 2565 1637 2611 tn

355 2647 521 2694 ‘constanter
544 2639 674 2702 allirnias,
704 2637 928 2712 Eppltenilitrpitts
951 2638 1060 2693 sortiter
1081 2638 1180 2711 negat.⁸
1224 2657 1306 2711 qnnni
1331 2639 1414 2711 igitur
1436 2658 1478 2696 inc
1500 2657 1531 2695 ex
1562 2658 1637 2697 more

353 2724 427 2779 velut
449 2724 550 2779 amiens
573 2725 700 2779 inviseret
724 2722 963 2798 Epplienilorpius.
994 2727 1041 2777 ‘dn
1070 2741 1123 2778 non
1149 2722 1218 2778 talia'
1243 2724 1350 2796 inqaain
1374 2726 1502 2780 ‘inandari
1526 2725 1573 2781 tilii
1597 2743 1637 2781 re·

355 2809 473 2864 'ferenda
497 2809 640 2864 llutteno't'
669 2810 756 2864 lassus
785 2818 840 2870 est:
871 2819 968 2863 ‘nonna
999 2808 1106 2863 dicebas
1136 2808 1211 2863 illnin
1236 2808 1297 2863 talia
1321 2810 1522 2882 respondissel’
1550 2813 1638 2865 lassus

319 2902 410 2952 eaesi:
433 2911 494 2949 inor
516 2894 659 2967 epistolam
682 2893 800 2966 protuli,
824 2894 889 2948 inssi
914 2902 943 2948 at
967 2892 1083 2964 legeret.
1108 2892 1190 2964 legit,
1213 2902 1241 2947 et
1262 2893 1405 2967 aliqnando
1421 2895 1548 2950 narrabat
1564 2895 1637 2950 illam

354 2977 436 3051 longe
459 2979 562 3034 diversa
586 2979 697 3034 dixisse:
722 2981 800 3033 laesit
823 2979 919 3038 borna,
943 2996 992 3033 nec
1017 2987 1105 3033 tarnim
1123 2976 1246 3038 erubuit:
1269 2979 1325 3033 risi.
1371 2978 1501 3050 Fingebat
1517 2998 1546 3035 se
1561 2990 1638 3035 anto·

355 3081 410 3118 rein
434 3065 573 3136 premendi
595 3063 679 3119 libelli
703 3081 782 3137 quem
804 3063 939 3119 lluttenns
961 3063 1120 3136 scripserat,
1144 3080 1192 3117 aec
1214 3063 1308 3118 dubito
1331 3064 1396 3136 quin
1413 3065 1497 3137 ipsius
1514 3065 1638 3127 bortatu;

354 3148 535 3220 exaggerabat
557 3167 614 3204 rem
636 3150 705 3223 apud
728 3150 842 3207 amicos.
874 3156 903 3203 nt
931 3148 1044 3221 pecnnia
1068 3148 1231 3202 redimerent
1254 3156 1356 3203 tantuin
1386 3148 1499 3211 malain:
1529 3151 1639 3225 ipsese

355 3233 519 3305 praedicabat
541 3233 609 3288 velle
632 3234 664 3288 ile
688 3252 737 3289 sna
761 3234 957 3307 qninquaginta
981 3234 1099 3287 lliireaiis
1123 3233 1275 3305 impendere
1291 3251 1324 3288 ne
1340 3233 1402 3288 talis
1418 3233 1486 3289 liber
1501 3236 1638 3308 prodiret:

319 3318 479 3373 ttridelicet
502 3328 532 3374 ut
554 3320 701 3374 nauricorum
724 3318 911 3373 liberalitatem
934 3317 1052 3372 eliceret.
1087 3317 1235 3372 Fralienins
1264 3318 1376 3373 territas
1405 3320 1535 3375 olleiebat
1562 3322 1639 3394 qnin-

354 3404 499 3476 quaginta:
530 3404 555 3458 id
583 3404 741 3478 suspicabar
771 3413 833 3458 ante
861 3421 940 3476 ipram
969 3405 1102 3457 laterctnr
1129 3402 1292 3461 Frolieains:
1322 3403 1545 3478 Eppbenilorpins
1574 3406 1638 3461 inibi

354 3487 481 3543 narrabat
503 3506 561 3543 esse
579 3490 710 3562 quendam
727 3488 836 3543 basilea
860 3489 904 3561 qiii
929 3488 1122 3562 qninquaginta
1147 3490 1266 3543 llorenos
1290 3489 1398 3543 oberret
1422 3506 1455 3544 ne
1478 3490 1546 3544 liber
1568 3492 1639 3546 veni·

355 3582 397 3628 ret
420 3574 446 3628 in
469 3572 570 3634 laconi,
594 3583 737 3647 expectans
760 3573 823 3647 quid
845 3591 897 3644 ego
922 3575 1062 3634 oll'circm:
1087 3572 1151 3628 nibil
1175 3573 1302 3646 respondi
1319 3574 1369 3627 nisi
1387 3591 1428 3628 me
1444 3575 1562 3631 nescisse
1578 3576 1639 3631 liac-

355 3666 434 3714 tenns
462 3660 535 3731 qnod
564 3658 631 3714 tales
653 3660 753 3715 amicos
776 3658 902 3713 liaberem
925 3657 1048 3713 llasilcin:
1073 3658 1123 3713 iam
1146 3659 1215 3712 enini
1239 3658 1330 3712 anilito
1353 3657 1485 3714 l'robcniu
1509 3660 1640 3733 putabant

320 3755 414 3798 meam
438 3744 576 3817 pecuniam
600 3745 626 3799 in
651 3752 710 3799 tuto
733 3761 801 3799 esse.
846 3744 932 3809 dunin
955 3742 1064 3798 lliitteai
1090 3742 1204 3797 lainalns
1228 3743 1288 3798 binc
1317 3743 1416 3805 abiret,
1445 3744 1512 3799 dixit
1534 3753 1639 3800 astante

356 3828 436 3883 lleato
460 3828 542 3885 relati
565 3830 597 3884 de
621 3847 661 3884 ine
685 3827 832 3890 sollicitas.
864 3828 986 3883 ‘Utinam'
1008 3828 1096 3901 inquit
1126 3828 1157 3882 ‘is
1180 3828 1249 3882 liber
1271 3845 1323 3882 aon
1347 3829 1474 3901 prinleat,
1505 3830 1640 3904 impende·

355 3922 419 3968 ‘rein
443 3914 475 3968 de
499 3932 572 3972 meo.
596 3914 628 3969 ile
652 3931 728 3975 ineo,
759 3914 880 3987 inquam.
911 3913 1107 3986 quinquaqinta
1130 3913 1265 3972 llorenos'.
1289 3930 1370 3985 quain
1395 3913 1419 3968 id
1444 3915 1574 3987 temporis
1597 3916 1659 3969 vis·

353 3998 521 4054 dimidiatum
558 3999 688 4055 baberent
718 3998 852 4055 lluttenus
882 3997 960 4053 simnl
990 4007 1017 4053 et
1044 3997 1276 4072 Eppbendurpius.
1326 3997 1410 4052 l‘anlo
1438 4009 1501 4073 post
1528 3999 1640 4055 loannes

423 4179 554 4231 ²samnio
573 4182 710 4247 supplicio
729 4181 840 4230 affecit’.
861 4181 895 4230 ad
915 4180 983 4245 qnod
1005 4198 1056 4245 ego
1077 4180 1125 4229 ‘'l'u
1139 4196 1222 4230 rocas
1236 4182 1501 4244 innocentissimum,
1521 4187 1559 4232 nel
1574 4184 1640 4232 alini-

352 4270 384 4316 li's
402 4283 489 4316 versas
506 4268 633 4317 cecidisse
651 4268 757 4315 evidetur.
790 4266 917 4315 Ceterum
936 4266 1018 4314 huius
1036 4266 1169 4315 facinoris
1182 4267 1347 4315 Huttenisni
1365 4273 1467 4331 proetei·
1479 4269 1585 4317 Erasini
1599 4269 1639 4317 sa-

353 4368 490 4401 mosarum
503 4351 769 4400 narratinnculnrnm
791 4352 942 4415 captatoris
961 4352 1148 4401 testimoniam
1167 4350 1268 4399 nnllam
1291 4359 1375 4399 extat.
1445 4350 1456 4381 ⁵
1473 4353 1640 4417 deprehendi

354 4438 439 4495 sarto,
460 4438 566 4486 diceret
588 4440 609 4485 i.
673 4436 779 4484 “nenio
798 4433 856 4499 etin]
877 4436 969 4485 Solent
989 4435 1142 4485 fabularum
1162 4452 1195 4484 ac
1220 4437 1412 4501 garrulitatum
1434 4453 1640 4501 sermonumque

354 4538 403 4586 per
421 4522 502 4585 opida
521 4523 623 4571 circam
643 4521 840 4570 blateratornin
860 4521 1012 4570 avidissimi
1030 4521 1153 4570 liomines
1172 4521 1206 4569 ab
1229 4522 1302 4570 enini
1325 4520 1528 4571 maledicentiae
1550 4523 1640 4572 studio

353 4622 415 4655 sese
430 4606 613 4656 alienissimos
626 4612 674 4655 aut
687 4607 789 4672 fingere
805 4613 853 4654 ant
871 4608 944 4670 ipsos
959 4613 1067 4669 putare.
1093 4606 1191 4655 'lotam
1209 4606 1280 4655 lianc
1297 4607 1405 4656 Erasini
1424 4605 1570 4672 epistulam
1588 4623 1641 4657 non
1706 4669 1708 4672 Ι

353 4692 474 4751 Erasini,
490 4692 537 4740 sed
551 4692 650 4741 vetulae
666 4692 806 4742 cniusdam
819 4690 924 4739 lotrieis
938 4691 1082 4740 maledicte
1096 4706 1157 4740 esse
1170 4692 1281 4740 dixeris.
1305 4691 1347 4741 ci.
1360 4691 1468 4741 Brasiai
1480 4692 1514 4740 ad
1529 4693 1640 4743 Pirelili.

353 4793 396 4841 ep.
411 4776 436 4824 il.
454 4775 474 4824 l.
489 4777 545 4825 Mai
560 4793 585 4824 a.
601 4775 673 4824 1528.
688 4777 830 4840 scriptam,
851 4776 923 4824 iulia
936 4792 961 4825 n.
976 4774 1198 4825 cccnxxxnl.
1241 4775 1261 4808 ¹⁸
1278 4778 1446 4841 suspiciatus
1466 4781 1489 4827 1.
1526 4777 1640 4843 Milium]

353 4861 531 4910 illdlitbaiisen.
586 4860 607 4891 '⁷
626 4861 660 4908 ab
679 4864 747 4910 iiiiiiii.
766 4864 787 4909 1.
797 4864 821 4909 2.
868 4858 1053 4925 ²⁷premendi]
1074 4861 1090 4909 i.
1106 4878 1129 4909 e.
1144 4862 1328 4927 supprimendi
1375 4862 1396 4895 ³³
1414 4863 1471 4913 loa.
1491 4861 1577 4928 Bata]
1597 4864 1642 4913 lta

353 4960 406 4994 iiiin
427 4945 572 5009 epistolam
591 4945 638 4994 sed
658 4945 780 4994 libellam
799 4946 969 4995 defensionis
989 4946 1127 5010 componit
1144 4947 1287 5006 Erasmus,
1308 4955 1337 4995 at
1357 4947 1390 4997 ad
1409 4964 1488 5011 qnem
1506 4949 1642 4999 scriberet

352 5046 408 5095 prae
428 5029 677 5079 coacervandarani
700 5031 880 5095 snspitiomun
899 5030 957 5079 fero
977 5048 1052 5080 caeco
1071 5031 1161 5080 studio
1179 5031 1261 5097 plane
1280 5032 1501 5084 oblivisceretur.
