<?xml version="1.0" encoding="UTF-8"?>
<!DOCTYPE html PUBLIC "-//W3C//DTD XHTML 1.0 Transitional//EN"
    "http://www.w3.org/TR/xhtml1/DTD/xhtml1-transitional.dtd">
<html xmlns="http://www.w3.org/1999/xhtml" xml:lang="en" lang="en">
 <head>
  <title>
</title>
<meta http-equiv="Content-Type" content="text/html;charset=utf-8" />
  <meta name='ocr-system' content='tesseract 3.04.00' />
  <meta name='ocr-capabilities' content='ocr_page ocr_carea ocr_par ocr_line ocrx_word'/>
</head>
<body>
  <div class='ocr_page' id='page_1' title='image "./ulrichihuttenie11huttgoog_0513.png"; bbox 0 0 3934 6034; ppageno 0'>
   <div class='ocr_carea' id='block_1_1' title="bbox 416 700 1702 771">
    <p class='ocr_par' dir='ltr' id='par_1_1' title="bbox 416 700 1702 771">
     <span class='ocr_line' id='line_1_1' title="bbox 416 700 1702 771; baseline -0.002 -6"><span class='ocrx_word' id='word_1_1' title='bbox 416 715 580 765; x_wconf 75' lang='lat' dir='ltr'>cccxcii.</span> <span class='ocrx_word' id='word_1_2' title='bbox 600 731 807 766; x_wconf 78' lang='lat' dir='ltr'>sersunoarrri</span> <span class='ocrx_word' id='word_1_3' title='bbox 821 732 857 765; x_wconf 76' lang='lat' dir='ltr'>nn</span> <span class='ocrx_word' id='word_1_4' title='bbox 870 731 973 766; x_wconf 80' lang='grc' dir='ltr'>ιιιιιιιιιι</span> <span class='ocrx_word' id='word_1_5' title='bbox 989 732 1130 765; x_wconf 76' lang='lat' dir='ltr'>inassueta</span> <span class='ocrx_word' id='word_1_6' title='bbox 1144 730 1226 764; x_wconf 79' lang='lat' dir='ltr'>isera</span> <span class='ocrx_word' id='word_1_7' title='bbox 1240 730 1376 771; x_wconf 72' lang='lat' dir='ltr'>ossanna.</span> <span class='ocrx_word' id='word_1_8' title='bbox 1392 730 1471 764; x_wconf 79' lang='lat' dir='ltr'>rane.</span> <span class='ocrx_word' id='word_1_9' title='bbox 1489 724 1545 764; x_wconf 62' lang='lat' dir='ltr'>teat.</span> <span class='ocrx_word' id='word_1_10' title='bbox 1588 700 1653 769; x_wconf 74' lang='grc'>451</span> <span class='ocrx_word' id='word_1_11' title='bbox 1692 705 1702 720; x_wconf 83' lang='lat'>&#39;</span> 
     </span>
    </p>
   </div>
   <div class='ocr_carea' id='block_1_2' title="bbox 317 887 1683 4758">
    <p class='ocr_par' dir='ltr' id='par_1_2' title="bbox 317 887 1683 4758">
     <span class='ocr_line' id='line_1_2' title="bbox 372 887 1662 963; baseline 0.001 -21"><span class='ocrx_word' id='word_1_12' title='bbox 372 888 537 948; x_wconf 83' lang='lat' dir='ltr'>honestatis,</span> <span class='ocrx_word' id='word_1_13' title='bbox 561 897 616 945; x_wconf 88' lang='lat' dir='ltr'>turn</span> <span class='ocrx_word' id='word_1_14' title='bbox 637 889 772 945; x_wconf 70' lang='lat' dir='ltr'>libertatis</span> <span class='ocrx_word' id='word_1_15' title='bbox 797 889 911 963; x_wconf 77' lang='lat' dir='ltr'>publicae</span> <span class='ocrx_word' id='word_1_16' title='bbox 931 890 1036 950; x_wconf 79' lang='lat' dir='ltr'>studio:</span> <span class='ocrx_word' id='word_1_17' title='bbox 1070 889 1163 943; x_wconf 91' lang='lat' dir='ltr'>oderat</span> <span class='ocrx_word' id='word_1_18' title='bbox 1193 888 1361 961; x_wconf 74' lang='lat' dir='ltr'>tyrannidem</span> <span class='ocrx_word' id='word_1_19' title='bbox 1388 888 1558 960; x_wconf 86' lang='lat' dir='ltr'>qnortuulam</span> <span class='ocrx_word' id='word_1_20' title='bbox 1587 887 1662 961; x_wconf 89' lang='lat' dir='ltr'>plns·</span> 
     </span>
     <span class='ocr_line' id='line_1_3' title="bbox 372 972 1661 1048; baseline 0.002 -24"><span class='ocrx_word' id='word_1_21' title='bbox 372 990 451 1044; x_wconf 75' lang='lat' dir='ltr'>iqnarn</span> <span class='ocrx_word' id='word_1_22' title='bbox 474 973 687 1034; x_wconf 79' lang='lat' dir='ltr'>Sarraecnicam,</span> <span class='ocrx_word' id='word_1_23' title='bbox 721 983 747 1029; x_wconf 90' lang='lat' dir='ltr'>et</span> <span class='ocrx_word' id='word_1_24' title='bbox 771 992 803 1029; x_wconf 88' lang='lat' dir='ltr'>eo</span> <span class='ocrx_word' id='word_1_25' title='bbox 826 975 851 1028; x_wconf 93' lang='lat' dir='ltr'>in</span> <span class='ocrx_word' id='word_1_26' title='bbox 875 976 969 1048; x_wconf 86' lang='lat' dir='ltr'>primis</span> <span class='ocrx_word' id='word_1_27' title='bbox 991 974 1113 1033; x_wconf 87' lang='lat' dir='ltr'>nomine,</span> <span class='ocrx_word' id='word_1_28' title='bbox 1149 972 1220 1045; x_wconf 83' lang='grc' dir='ltr'>(μιιιιΙ</span> <span class='ocrx_word' id='word_1_29' title='bbox 1251 979 1384 1045; x_wconf 75' lang='lat' dir='ltr'>pretextu</span> <span class='ocrx_word' id='word_1_30' title='bbox 1415 973 1522 1045; x_wconf 87' lang='lat' dir='ltr'>pietatis</span> <span class='ocrx_word' id='word_1_31' title='bbox 1547 973 1661 1028; x_wconf 72' lang='lat' dir='ltr'>lentissi-</span> 
     </span>
     <span class='ocr_line' id='line_1_4' title="bbox 371 1055 1660 1130; baseline 0.002 -20"><span class='ocrx_word' id='word_1_32' title='bbox 371 1074 441 1111; x_wconf 90' lang='lat' dir='ltr'>mam</span> <span class='ocrx_word' id='word_1_33' title='bbox 463 1058 620 1113; x_wconf 88' lang='lat' dir='ltr'>servitutem</span> <span class='ocrx_word' id='word_1_34' title='bbox 644 1059 793 1113; x_wconf 77' lang='lat' dir='ltr'>tiernnanire</span> <span class='ocrx_word' id='word_1_35' title='bbox 823 1058 998 1113; x_wconf 79' lang='lat' dir='ltr'>rrrrilirentnr:</span> <span class='ocrx_word' id='word_1_36' title='bbox 1037 1058 1082 1130; x_wconf 92' lang='lat' dir='ltr'>qni</span> <span class='ocrx_word' id='word_1_37' title='bbox 1108 1058 1213 1111; x_wconf 79' lang='lat' dir='ltr'>artimus</span> <span class='ocrx_word' id='word_1_38' title='bbox 1242 1074 1283 1111; x_wconf 82' lang='lat' dir='ltr'>nie</span> <span class='ocrx_word' id='word_1_39' title='bbox 1314 1057 1346 1110; x_wconf 89' lang='lat' dir='ltr'>ad</span> <span class='ocrx_word' id='word_1_40' title='bbox 1377 1055 1449 1110; x_wconf 89' lang='lat' dir='ltr'>illius</span> <span class='ocrx_word' id='word_1_41' title='bbox 1477 1058 1595 1112; x_wconf 88' lang='lat' dir='ltr'>studium</span> <span class='ocrx_word' id='word_1_42' title='bbox 1622 1057 1660 1112; x_wconf 90' lang='lat' dir='ltr'>sic</span> 
     </span>
     <span class='ocr_line' id='line_1_5' title="bbox 370 1140 1659 1217; baseline 0.002 -23"><span class='ocrx_word' id='word_1_43' title='bbox 370 1141 504 1201; x_wconf 87' lang='lat' dir='ltr'>accendit,</span> <span class='ocrx_word' id='word_1_44' title='bbox 537 1152 567 1196; x_wconf 94' lang='lat' dir='ltr'>ut</span> <span class='ocrx_word' id='word_1_45' title='bbox 593 1142 659 1197; x_wconf 91' lang='lat' dir='ltr'>nibil</span> <span class='ocrx_word' id='word_1_46' title='bbox 682 1144 920 1217; x_wconf 72' lang='lat' dir='ltr'>praetermitterent</span> <span class='ocrx_word' id='word_1_47' title='bbox 948 1144 1021 1214; x_wconf 82' lang='grc' dir='ltr'>ιμιιιιΙ</span> <span class='ocrx_word' id='word_1_48' title='bbox 1052 1143 1084 1196; x_wconf 94' lang='lat' dir='ltr'>ad</span> <span class='ocrx_word' id='word_1_49' title='bbox 1110 1143 1187 1196; x_wconf 82' lang='lat' dir='ltr'>atrriiei</span> <span class='ocrx_word' id='word_1_50' title='bbox 1214 1140 1331 1196; x_wconf 82' lang='lat' dir='ltr'>officinm</span> <span class='ocrx_word' id='word_1_51' title='bbox 1361 1149 1484 1213; x_wconf 89' lang='lat' dir='ltr'>spectare</span> <span class='ocrx_word' id='word_1_52' title='bbox 1511 1142 1659 1202; x_wconf 86' lang='lat' dir='ltr'>ridebatur,</span> 
     </span>
     <span class='ocr_line' id='line_1_6' title="bbox 348 1224 1659 1301; baseline 0.002 -23"><span class='ocrx_word' id='word_1_53' title='bbox 348 1224 431 1279; x_wconf 70' lang='lat' dir='ltr'>rituti</span> <span class='ocrx_word' id='word_1_54' title='bbox 453 1233 562 1286; x_wconf 85' lang='lat' dir='ltr'>irnitno,</span> <span class='ocrx_word' id='word_1_55' title='bbox 586 1227 664 1282; x_wconf 85' lang='lat' dir='ltr'>beleni</span> <span class='ocrx_word' id='word_1_56' title='bbox 687 1229 838 1301; x_wconf 69' lang='lat' dir='ltr'>interposui</span> <span class='ocrx_word' id='word_1_57' title='bbox 863 1245 962 1286; x_wconf 80' lang='lat' dir='ltr'>meant,</span> <span class='ocrx_word' id='word_1_58' title='bbox 986 1227 1120 1281; x_wconf 79' lang='lat' dir='ltr'>numerari</span> <span class='ocrx_word' id='word_1_59' title='bbox 1144 1242 1194 1298; x_wconf 90' lang='lat' dir='ltr'>pro</span> <span class='ocrx_word' id='word_1_60' title='bbox 1215 1226 1373 1284; x_wconf 75' lang='lat' dir='ltr'>(lenientem.</span> <span class='ocrx_word' id='word_1_61' title='bbox 1404 1234 1518 1280; x_wconf 86' lang='lat' dir='ltr'>inertem</span> <span class='ocrx_word' id='word_1_62' title='bbox 1542 1226 1659 1299; x_wconf 90' lang='lat' dir='ltr'>deniqne</span> 
     </span>
     <span class='ocr_line' id='line_1_7' title="bbox 368 1308 1659 1384; baseline 0.002 -22"><span class='ocrx_word' id='word_1_63' title='bbox 368 1308 496 1363; x_wconf 77' lang='lat' dir='ltr'>‹lerienter</span> <span class='ocrx_word' id='word_1_64' title='bbox 520 1310 578 1366; x_wconf 92' lang='lat' dir='ltr'>tuli.</span> <span class='ocrx_word' id='word_1_65' title='bbox 618 1311 694 1379; x_wconf 74' lang='lat' dir='ltr'>Quod</span> <span class='ocrx_word' id='word_1_66' title='bbox 718 1313 740 1366; x_wconf 89' lang='lat' dir='ltr'>si</span> <span class='ocrx_word' id='word_1_67' title='bbox 762 1311 882 1367; x_wconf 78' lang='lat' dir='ltr'>destructi</span> <span class='ocrx_word' id='word_1_68' title='bbox 906 1311 1086 1384; x_wconf 76' lang='lat' dir='ltr'>patrocinium</span> <span class='ocrx_word' id='word_1_69' title='bbox 1110 1309 1173 1364; x_wconf 90' lang='lat' dir='ltr'>mibi</span> <span class='ocrx_word' id='word_1_70' title='bbox 1193 1310 1416 1380; x_wconf 65' lang='lat' dir='ltr'>desumpsissent,</span> <span class='ocrx_word' id='word_1_71' title='bbox 1441 1311 1545 1382; x_wconf 82' lang='lat' dir='ltr'>enprnti</span> <span class='ocrx_word' id='word_1_72' title='bbox 1567 1317 1659 1365; x_wconf 86' lang='lat' dir='ltr'>esseut</span> 
     </span>
     <span class='ocr_line' id='line_1_8' title="bbox 368 1392 1659 1469; baseline 0.002 -23"><span class='ocrx_word' id='word_1_73' title='bbox 368 1392 465 1466; x_wconf 91' lang='lat' dir='ltr'>aliqui,</span> <span class='ocrx_word' id='word_1_74' title='bbox 488 1395 565 1449; x_wconf 88' lang='lat' dir='ltr'>cuius</span> <span class='ocrx_word' id='word_1_75' title='bbox 584 1396 741 1469; x_wconf 81' lang='lat' dir='ltr'>petulantiae</span> <span class='ocrx_word' id='word_1_76' title='bbox 764 1404 790 1451; x_wconf 92' lang='lat' dir='ltr'>et</span> <span class='ocrx_word' id='word_1_77' title='bbox 807 1396 980 1469; x_wconf 81' lang='lat' dir='ltr'>impudentiae</span> <span class='ocrx_word' id='word_1_78' title='bbox 1003 1404 1092 1455; x_wconf 86' lang='lat' dir='ltr'>esset,</span> <span class='ocrx_word' id='word_1_79' title='bbox 1117 1402 1239 1449; x_wconf 87' lang='lat' dir='ltr'>mortuos</span> <span class='ocrx_word' id='word_1_80' title='bbox 1256 1392 1404 1448; x_wconf 84' lang='lat' dir='ltr'>iiraledictis</span> <span class='ocrx_word' id='word_1_81' title='bbox 1420 1394 1554 1454; x_wconf 89' lang='lat' dir='ltr'>insectari,</span> <span class='ocrx_word' id='word_1_82' title='bbox 1578 1402 1659 1467; x_wconf 88' lang='lat' dir='ltr'>atque</span> 
     </span>
     <span class='ocr_line' id='line_1_9' title="bbox 371 1476 1659 1553; baseline 0.002 -23"><span class='ocrx_word' id='word_1_83' title='bbox 371 1476 424 1531; x_wconf 82' lang='lat' dir='ltr'>illis</span> <span class='ocrx_word' id='word_1_84' title='bbox 448 1478 593 1541; x_wconf 88' lang='lat' dir='ltr'>insultare,</span> <span class='ocrx_word' id='word_1_85' title='bbox 620 1481 666 1553; x_wconf 91' lang='lat' dir='ltr'>qni</span> <span class='ocrx_word' id='word_1_86' title='bbox 689 1481 738 1535; x_wconf 85' lang='lat' dir='ltr'>iarn</span> <span class='ocrx_word' id='word_1_87' title='bbox 764 1480 874 1535; x_wconf 74' lang='lat' dir='ltr'>extincti</span> <span class='ocrx_word' id='word_1_88' title='bbox 903 1480 1069 1553; x_wconf 84' lang='lat' dir='ltr'>respondere</span> <span class='ocrx_word' id='word_1_89' title='bbox 1091 1496 1145 1533; x_wconf 92' lang='lat' dir='ltr'>uon</span> <span class='ocrx_word' id='word_1_90' title='bbox 1169 1487 1292 1551; x_wconf 88' lang='lat' dir='ltr'>possunt.</span> <span class='ocrx_word' id='word_1_91' title='bbox 1331 1478 1397 1531; x_wconf 88' lang='lat' dir='ltr'>llara</span> <span class='ocrx_word' id='word_1_92' title='bbox 1423 1479 1574 1533; x_wconf 80' lang='lat' dir='ltr'>temeritate</span> <span class='ocrx_word' id='word_1_93' title='bbox 1596 1497 1659 1533; x_wconf 84' lang='lat' dir='ltr'>ero·</span> 
     </span>
     <span class='ocr_line' id='line_1_10' title="bbox 368 1561 1659 1635; baseline 0.002 -20"><span class='ocrx_word' id='word_1_94' title='bbox 368 1579 460 1617; x_wconf 81' lang='lat' dir='ltr'>ttinere</span> <span class='ocrx_word' id='word_1_95' title='bbox 485 1565 591 1635; x_wconf 84' lang='lat' dir='ltr'>epridam</span> <span class='ocrx_word' id='word_1_96' title='bbox 615 1564 723 1619; x_wconf 90' lang='lat' dir='ltr'>libellos</span> <span class='ocrx_word' id='word_1_97' title='bbox 747 1566 773 1620; x_wconf 93' lang='lat' dir='ltr'>in</span> <span class='ocrx_word' id='word_1_98' title='bbox 795 1564 967 1619; x_wconf 83' lang='lat' dir='ltr'>Fratieiscunr</span> <span class='ocrx_word' id='word_1_99' title='bbox 990 1582 1004 1619; x_wconf 92' lang='lat' dir='ltr'>a</span> <span class='ocrx_word' id='word_1_100' title='bbox 1028 1563 1186 1633; x_wconf 80' lang='lat' dir='ltr'>Siekiugen:</span> <span class='ocrx_word' id='word_1_101' title='bbox 1214 1563 1298 1617; x_wconf 89' lang='lat' dir='ltr'>miror</span> <span class='ocrx_word' id='word_1_102' title='bbox 1321 1561 1430 1617; x_wconf 89' lang='lat' dir='ltr'>illerum</span> <span class='ocrx_word' id='word_1_103' title='bbox 1455 1563 1587 1634; x_wconf 79' lang='lat' dir='ltr'>insignem</span> <span class='ocrx_word' id='word_1_104' title='bbox 1612 1564 1659 1618; x_wconf 90' lang='lat' dir='ltr'>im·</span> 
     </span>
     <span class='ocr_line' id='line_1_11' title="bbox 336 1645 1657 1724; baseline 0.002 -25"><span class='ocrx_word' id='word_1_105' title='bbox 336 1645 548 1718; x_wconf 86' lang='lat' dir='ltr'>reprobitatem,</span> <span class='ocrx_word' id='word_1_106' title='bbox 576 1666 636 1704; x_wconf 92' lang='lat' dir='ltr'>cnm</span> <span class='ocrx_word' id='word_1_107' title='bbox 665 1648 883 1723; x_wconf 88' lang='lat' dir='ltr'>incomparabilis</span> <span class='ocrx_word' id='word_1_108' title='bbox 904 1648 977 1702; x_wconf 89' lang='lat' dir='ltr'>illins</span> <span class='ocrx_word' id='word_1_109' title='bbox 1006 1648 1098 1703; x_wconf 88' lang='lat' dir='ltr'>bernis</span> <span class='ocrx_word' id='word_1_110' title='bbox 1121 1647 1247 1701; x_wconf 75' lang='lat' dir='ltr'>virtutem</span> <span class='ocrx_word' id='word_1_111' title='bbox 1271 1647 1351 1701; x_wconf 90' lang='lat' dir='ltr'>bodie</span> <span class='ocrx_word' id='word_1_112' title='bbox 1383 1656 1407 1701; x_wconf 92' lang='lat' dir='ltr'>et</span> <span class='ocrx_word' id='word_1_113' title='bbox 1439 1646 1657 1724; x_wconf 81' lang='lat' dir='ltr'>arliriirentnrct</span> 
     </span>
     <span class='ocr_line' id='line_1_12' title="bbox 367 1730 1659 1804; baseline 0.002 -20"><span class='ocrx_word' id='word_1_114' title='bbox 367 1730 477 1786; x_wconf 82' lang='lat' dir='ltr'>laudem</span> <span class='ocrx_word' id='word_1_115' title='bbox 500 1732 593 1788; x_wconf 81' lang='lat' dir='ltr'>beistes</span> <span class='ocrx_word' id='word_1_116' title='bbox 613 1734 694 1788; x_wconf 90' lang='lat' dir='ltr'>ctiam</span> <span class='ocrx_word' id='word_1_117' title='bbox 718 1734 769 1789; x_wconf 86' lang='lat' dir='ltr'>sui.</span> <span class='ocrx_word' id='word_1_118' title='bbox 813 1734 982 1789; x_wconf 83' lang='lat' dir='ltr'>Tlicodosius</span> <span class='ocrx_word' id='word_1_119' title='bbox 1006 1741 1032 1787; x_wconf 94' lang='lat' dir='ltr'>et</span> <span class='ocrx_word' id='word_1_120' title='bbox 1056 1731 1259 1787; x_wconf 84' lang='lat' dir='ltr'>l&#39;aleutiniauus</span> <span class='ocrx_word' id='word_1_121' title='bbox 1280 1732 1457 1804; x_wconf 79' lang='lat' dir='ltr'>imperaturus</span> <span class='ocrx_word' id='word_1_122' title='bbox 1486 1732 1575 1804; x_wconf 87' lang='lat' dir='ltr'>cupita</span> <span class='ocrx_word' id='word_1_123' title='bbox 1599 1732 1659 1786; x_wconf 87' lang='lat' dir='ltr'>illo·</span> 
     </span>
     <span class='ocr_line' id='line_1_13' title="bbox 367 1815 1658 1891; baseline 0.001 -22"><span class='ocrx_word' id='word_1_124' title='bbox 367 1832 427 1870; x_wconf 87' lang='lat' dir='ltr'>rnm</span> <span class='ocrx_word' id='word_1_125' title='bbox 451 1818 639 1890; x_wconf 76' lang='lat' dir='ltr'>persequentia</span> <span class='ocrx_word' id='word_1_126' title='bbox 658 1819 829 1876; x_wconf 85' lang='lat' dir='ltr'>statnclnnrt,</span> <span class='ocrx_word' id='word_1_127' title='bbox 860 1819 905 1891; x_wconf 90' lang='lat' dir='ltr'>qni</span> <span class='ocrx_word' id='word_1_128' title='bbox 929 1826 1100 1872; x_wconf 88' lang='lat' dir='ltr'>mortuorum</span> <span class='ocrx_word' id='word_1_129' title='bbox 1130 1816 1272 1890; x_wconf 87' lang='lat' dir='ltr'>sepulchra</span> <span class='ocrx_word' id='word_1_130' title='bbox 1303 1815 1462 1871; x_wconf 75' lang='lat' dir='ltr'>violassent:</span> <span class='ocrx_word' id='word_1_131' title='bbox 1495 1834 1550 1888; x_wconf 82' lang='grc' dir='ltr'>ιμιο</span> <span class='ocrx_word' id='word_1_132' title='bbox 1573 1818 1658 1890; x_wconf 88' lang='lat' dir='ltr'>magis</span> 
     </span>
     <span class='ocr_line' id='line_1_14' title="bbox 366 1900 1658 1975; baseline 0.002 -21"><span class='ocrx_word' id='word_1_133' title='bbox 366 1900 518 1956; x_wconf 88' lang='lat' dir='ltr'>mirandum</span> <span class='ocrx_word' id='word_1_134' title='bbox 541 1903 613 1975; x_wconf 91' lang='lat' dir='ltr'>qnod</span> <span class='ocrx_word' id='word_1_135' title='bbox 635 1903 662 1957; x_wconf 91' lang='lat' dir='ltr'>in</span> <span class='ocrx_word' id='word_1_136' title='bbox 686 1921 735 1959; x_wconf 86' lang='lat' dir='ltr'>eos</span> <span class='ocrx_word' id='word_1_137' title='bbox 756 1902 822 1958; x_wconf 90' lang='lat' dir='ltr'>nibil</span> <span class='ocrx_word' id='word_1_138' title='bbox 845 1910 1014 1963; x_wconf 89' lang='lat' dir='ltr'>statuerunt,</span> <span class='ocrx_word' id='word_1_139' title='bbox 1039 1902 1084 1975; x_wconf 89' lang='lat' dir='ltr'>qni</span> <span class='ocrx_word' id='word_1_140' title='bbox 1107 1902 1220 1957; x_wconf 86' lang='lat' dir='ltr'>miseras</span> <span class='ocrx_word' id='word_1_141' title='bbox 1244 1900 1330 1955; x_wconf 80' lang='lat' dir='ltr'>larvas</span> <span class='ocrx_word' id='word_1_142' title='bbox 1353 1900 1529 1955; x_wconf 79' lang='lat' dir='ltr'>aeriarulentis</span> <span class='ocrx_word' id='word_1_143' title='bbox 1548 1902 1658 1975; x_wconf 89' lang='lat' dir='ltr'>scriptis</span> 
     </span>
     <span class='ocr_line' id='line_1_15' title="bbox 367 1984 1659 2059; baseline 0.003 -21"><span class='ocrx_word' id='word_1_144' title='bbox 367 1984 562 2057; x_wconf 89' lang='lat' dir='ltr'>insequuntur,</span> <span class='ocrx_word' id='word_1_145' title='bbox 597 2004 645 2043; x_wconf 89' lang='lat' dir='ltr'>nec</span> <span class='ocrx_word' id='word_1_146' title='bbox 667 1987 828 2043; x_wconf 86' lang='lat' dir='ltr'>clementius</span> <span class='ocrx_word' id='word_1_147' title='bbox 850 1988 932 2042; x_wconf 90' lang='lat' dir='ltr'>etiam</span> <span class='ocrx_word' id='word_1_148' title='bbox 951 1987 1096 2042; x_wconf 89' lang='lat' dir='ltr'>decernant</span> <span class='ocrx_word' id='word_1_149' title='bbox 1121 1987 1147 2040; x_wconf 91' lang='lat' dir='ltr'>in</span> <span class='ocrx_word' id='word_1_150' title='bbox 1175 1984 1318 2040; x_wconf 76' lang='lat' dir='ltr'>liturarios</span> <span class='ocrx_word' id='word_1_151' title='bbox 1341 1985 1421 2039; x_wconf 83' lang='lat' dir='ltr'>liuius</span> <span class='ocrx_word' id='word_1_152' title='bbox 1444 1986 1577 2059; x_wconf 86' lang='lat' dir='ltr'>uepbandi</span> <span class='ocrx_word' id='word_1_153' title='bbox 1602 2004 1659 2042; x_wconf 89' lang='lat' dir='ltr'>sce·</span> 
     </span>
     <span class='ocr_line' id='line_1_16' title="bbox 332 2068 1658 2150; baseline 0.002 -28"><span class='ocrx_word' id='word_1_154' title='bbox 332 2068 432 2123; x_wconf 75' lang='lat' dir='ltr'>isleris</span> <span class='ocrx_word' id='word_1_155' title='bbox 456 2070 605 2127; x_wconf 86' lang='lat' dir='ltr'>ministros.</span> <span class='ocrx_word' id='word_1_156' title='bbox 650 2072 735 2127; x_wconf 88' lang='lat' dir='ltr'>Habet</span> <span class='ocrx_word' id='word_1_157' title='bbox 758 2072 892 2128; x_wconf 90' lang='lat' dir='ltr'>llnttenns</span> <span class='ocrx_word' id='word_1_158' title='bbox 913 2073 986 2126; x_wconf 88' lang='lat' dir='ltr'>intcr</span> <span class='ocrx_word' id='word_1_159' title='bbox 1005 2089 1070 2126; x_wconf 90' lang='lat' dir='ltr'>snos</span> <span class='ocrx_word' id='word_1_160' title='bbox 1090 2070 1189 2126; x_wconf 91' lang='lat' dir='ltr'>multos</span> <span class='ocrx_word' id='word_1_161' title='bbox 1210 2070 1319 2150; x_wconf 73' lang='lat' dir='ltr'>optiniae</span> <span class='ocrx_word' id='word_1_162' title='bbox 1341 2070 1397 2143; x_wconf 89' lang='lat' dir='ltr'>spei</span> <span class='ocrx_word' id='word_1_163' title='bbox 1421 2070 1543 2131; x_wconf 90' lang='lat' dir='ltr'>iuvenes,</span> <span class='ocrx_word' id='word_1_164' title='bbox 1571 2069 1658 2126; x_wconf 88' lang='lat' dir='ltr'>literis</span> 
     </span>
     <span class='ocr_line' id='line_1_17' title="bbox 365 2153 1657 2229; baseline 0.002 -22"><span class='ocrx_word' id='word_1_165' title='bbox 365 2170 419 2207; x_wconf 92' lang='lat' dir='ltr'>nou</span> <span class='ocrx_word' id='word_1_166' title='bbox 439 2154 528 2209; x_wconf 91' lang='lat' dir='ltr'>minus</span> <span class='ocrx_word' id='word_1_167' title='bbox 550 2173 629 2228; x_wconf 89' lang='lat' dir='ltr'>quarn</span> <span class='ocrx_word' id='word_1_168' title='bbox 654 2174 753 2229; x_wconf 90' lang='lat' dir='ltr'>genere</span> <span class='ocrx_word' id='word_1_169' title='bbox 775 2157 878 2213; x_wconf 76' lang='lat' dir='ltr'>clariis:</span> <span class='ocrx_word' id='word_1_170' title='bbox 902 2156 940 2210; x_wconf 94' lang='lat' dir='ltr'>illi</span> <span class='ocrx_word' id='word_1_171' title='bbox 965 2156 1028 2228; x_wconf 92' lang='lat' dir='ltr'>qnid</span> <span class='ocrx_word' id='word_1_172' title='bbox 1052 2174 1102 2228; x_wconf 91' lang='lat' dir='ltr'>pro</span> <span class='ocrx_word' id='word_1_173' title='bbox 1122 2155 1195 2209; x_wconf 83' lang='lat' dir='ltr'>albni</span> <span class='ocrx_word' id='word_1_174' title='bbox 1211 2153 1355 2227; x_wconf 89' lang='lat' dir='ltr'>aliqnando</span> <span class='ocrx_word' id='word_1_175' title='bbox 1370 2154 1542 2209; x_wconf 77' lang='lat' dir='ltr'>onerabuntur</span> <span class='ocrx_word' id='word_1_176' title='bbox 1557 2157 1657 2217; x_wconf 90' lang='lat' dir='ltr'>nescio,</span> 
     </span>
     <span class='ocr_line' id='line_1_18' title="bbox 364 2237 1657 2314; baseline 0.005 -25"><span class='ocrx_word' id='word_1_177' title='bbox 364 2255 417 2309; x_wconf 85' lang='lat' dir='ltr'>egn</span> <span class='ocrx_word' id='word_1_178' title='bbox 438 2246 468 2292; x_wconf 89' lang='lat' dir='ltr'>nt</span> <span class='ocrx_word' id='word_1_179' title='bbox 490 2256 570 2295; x_wconf 86' lang='lat' dir='ltr'>eausa</span> <span class='ocrx_word' id='word_1_180' title='bbox 593 2258 647 2297; x_wconf 89' lang='lat' dir='ltr'>non</span> <span class='ocrx_word' id='word_1_181' title='bbox 672 2241 803 2302; x_wconf 84' lang='lat' dir='ltr'>srtccedo,</span> <span class='ocrx_word' id='word_1_182' title='bbox 827 2242 866 2296; x_wconf 89' lang='lat' dir='ltr'>sic</span> <span class='ocrx_word' id='word_1_183' title='bbox 888 2258 1026 2314; x_wconf 90' lang='lat' dir='ltr'>nunqnam</span> <span class='ocrx_word' id='word_1_184' title='bbox 1048 2240 1272 2294; x_wconf 86' lang='lat' dir='ltr'>deiutnrus&#39;smn</span> <span class='ocrx_word' id='word_1_185' title='bbox 1296 2237 1368 2292; x_wconf 89' lang='lat' dir='ltr'>illins</span> <span class='ocrx_word' id='word_1_186' title='bbox 1387 2240 1525 2294; x_wconf 83' lang='lat' dir='ltr'>trieiiioriae</span> <span class='ocrx_word' id='word_1_187' title='bbox 1541 2247 1567 2293; x_wconf 88' lang='lat' dir='ltr'>et</span> <span class='ocrx_word' id='word_1_188' title='bbox 1584 2258 1657 2295; x_wconf 90' lang='lat' dir='ltr'>mcu-</span> 
     </span>
     <span class='ocr_line' id='line_1_19' title="bbox 364 2322 1656 2399; baseline 0.002 -23"><span class='ocrx_word' id='word_1_189' title='bbox 364 2322 432 2377; x_wconf 90' lang='lat' dir='ltr'>tioui</span> <span class='ocrx_word' id='word_1_190' title='bbox 453 2322 661 2382; x_wconf 82' lang='lat' dir='ltr'>honestissimae.</span> <span class='ocrx_word' id='word_1_191' title='bbox 686 2327 774 2399; x_wconf 74' lang='lat' dir='ltr'>Atque</span> <span class='ocrx_word' id='word_1_192' title='bbox 798 2327 859 2381; x_wconf 91' lang='lat' dir='ltr'>binc</span> <span class='ocrx_word' id='word_1_193' title='bbox 879 2325 940 2381; x_wconf 89' lang='lat' dir='ltr'>licet</span> <span class='ocrx_word' id='word_1_194' title='bbox 960 2325 1063 2380; x_wconf 76' lang='lat' dir='ltr'>dissidii</span> <span class='ocrx_word' id='word_1_195' title='bbox 1087 2325 1159 2379; x_wconf 90' lang='lat' dir='ltr'>iuter</span> <span class='ocrx_word' id='word_1_196' title='bbox 1181 2342 1231 2378; x_wconf 89' lang='lat' dir='ltr'>uos</span> <span class='ocrx_word' id='word_1_197' title='bbox 1251 2322 1315 2378; x_wconf 88' lang='lat' dir='ltr'>olim</span> <span class='ocrx_word' id='word_1_198' title='bbox 1338 2323 1443 2378; x_wconf 88' lang='lat' dir='ltr'>suborti</span> <span class='ocrx_word' id='word_1_199' title='bbox 1464 2323 1526 2378; x_wconf 82' lang='lat' dir='ltr'>toris</span> <span class='ocrx_word' id='word_1_200' title='bbox 1544 2325 1656 2387; x_wconf 83' lang='lat' dir='ltr'>derirct,</span> 
     </span>
     <span class='ocr_line' id='line_1_20' title="bbox 365 2408 1657 2484; baseline 0.002 -24"><span class='ocrx_word' id='word_1_201' title='bbox 365 2415 420 2461; x_wconf 91' lang='lat' dir='ltr'>tum</span> <span class='ocrx_word' id='word_1_202' title='bbox 442 2416 515 2463; x_wconf 88' lang='lat' dir='ltr'>esset</span> <span class='ocrx_word' id='word_1_203' title='bbox 535 2409 642 2466; x_wconf 82' lang='lat' dir='ltr'>aliunde</span> <span class='ocrx_word' id='word_1_204' title='bbox 661 2410 745 2466; x_wconf 89' lang='lat' dir='ltr'>multa</span> <span class='ocrx_word' id='word_1_205' title='bbox 769 2409 887 2484; x_wconf 77' lang='lat' dir='ltr'>querela</span> <span class='ocrx_word' id='word_1_206' title='bbox 912 2410 1032 2471; x_wconf 78' lang='lat' dir='ltr'>occasio,</span> <span class='ocrx_word' id='word_1_207' title='bbox 1066 2418 1154 2464; x_wconf 76' lang='lat' dir='ltr'>tannen</span> <span class='ocrx_word' id='word_1_208' title='bbox 1178 2408 1211 2463; x_wconf 92' lang='lat' dir='ltr'>ab</span> <span class='ocrx_word' id='word_1_209' title='bbox 1234 2408 1282 2462; x_wconf 89' lang='lat' dir='ltr'>bae</span> <span class='ocrx_word' id='word_1_210' title='bbox 1308 2426 1360 2463; x_wconf 88' lang='lat' dir='ltr'>nna</span> <span class='ocrx_word' id='word_1_211' title='bbox 1385 2408 1501 2481; x_wconf 87' lang='lat' dir='ltr'>epistola</span> <span class='ocrx_word' id='word_1_212' title='bbox 1528 2418 1657 2482; x_wconf 79' lang='lat' dir='ltr'>expostu-</span> 
     </span>
     <span class='ocr_line' id='line_1_21' title="bbox 326 2490 1656 2568; baseline 0.003 -24"><span class='ocrx_word' id='word_1_213' title='bbox 326 2490 435 2546; x_wconf 78' lang='lat' dir='ltr'>aolandi</span> <span class='ocrx_word' id='word_1_214' title='bbox 455 2510 562 2548; x_wconf 89' lang='lat' dir='ltr'>causam</span> <span class='ocrx_word' id='word_1_215' title='bbox 584 2496 702 2568; x_wconf 87' lang='lat' dir='ltr'>sumpsi,</span> <span class='ocrx_word' id='word_1_216' title='bbox 737 2513 788 2568; x_wconf 82' lang='lat' dir='ltr'>epm</span> <span class='ocrx_word' id='word_1_217' title='bbox 810 2496 847 2550; x_wconf 89' lang='lat' dir='ltr'>ait</span> <span class='ocrx_word' id='word_1_218' title='bbox 869 2494 1010 2555; x_wconf 85' lang='lat' dir='ltr'>Erasmus,</span> <span class='ocrx_word' id='word_1_219' title='bbox 1039 2512 1081 2549; x_wconf 91' lang='lat' dir='ltr'>me</span> <span class='ocrx_word' id='word_1_220' title='bbox 1104 2493 1236 2567; x_wconf 85' lang='lat' dir='ltr'>imprimis</span> <span class='ocrx_word' id='word_1_221' title='bbox 1264 2492 1411 2553; x_wconf 78' lang='lat' dir='ltr'>obernum,</span> <span class='ocrx_word' id='word_1_222' title='bbox 1441 2510 1501 2548; x_wconf 91' lang='lat' dir='ltr'>cum</span> <span class='ocrx_word' id='word_1_223' title='bbox 1524 2493 1656 2548; x_wconf 86' lang='lat' dir='ltr'>scriberet</span> 
     </span>
     <span class='ocr_line' id='line_1_22' title="bbox 363 2575 1655 2653; baseline 0.003 -24"><span class='ocrx_word' id='word_1_224' title='bbox 363 2575 463 2631; x_wconf 86' lang='lat' dir='ltr'>iactare</span> <span class='ocrx_word' id='word_1_225' title='bbox 483 2594 525 2632; x_wconf 93' lang='lat' dir='ltr'>me</span> <span class='ocrx_word' id='word_1_226' title='bbox 545 2578 663 2634; x_wconf 88' lang='lat' dir='ltr'>nobilem</span> <span class='ocrx_word' id='word_1_227' title='bbox 687 2597 738 2653; x_wconf 94' lang='lat' dir='ltr'>pro</span> <span class='ocrx_word' id='word_1_228' title='bbox 759 2579 884 2653; x_wconf 87' lang='lat' dir='ltr'>plebeio.</span> <span class='ocrx_word' id='word_1_229' title='bbox 907 2586 934 2634; x_wconf 89' lang='lat' dir='ltr'>et</span> <span class='ocrx_word' id='word_1_230' title='bbox 959 2580 1033 2652; x_wconf 90' lang='lat' dir='ltr'>impii</span> <span class='ocrx_word' id='word_1_231' title='bbox 1057 2579 1160 2651; x_wconf 90' lang='lat' dir='ltr'>negotii</span> <span class='ocrx_word' id='word_1_232' title='bbox 1181 2576 1315 2638; x_wconf 72' lang='lat' dir='ltr'>eeclesiae,</span> <span class='ocrx_word' id='word_1_233' title='bbox 1338 2595 1391 2650; x_wconf 92' lang='lat' dir='ltr'>qna</span> <span class='ocrx_word' id='word_1_234' title='bbox 1412 2595 1467 2632; x_wconf 89' lang='lat' dir='ltr'>non</span> <span class='ocrx_word' id='word_1_235' title='bbox 1488 2577 1655 2639; x_wconf 88' lang='lat' dir='ltr'>sceleratior,</span> 
     </span>
     <span class='ocr_line' id='line_1_23' title="bbox 363 2662 1655 2737; baseline 0.002 -23"><span class='ocrx_word' id='word_1_236' title='bbox 363 2669 599 2733; x_wconf 82' lang='lat' dir='ltr'>propugnatorem</span> <span class='ocrx_word' id='word_1_237' title='bbox 623 2671 651 2718; x_wconf 91' lang='lat' dir='ltr'>et</span> <span class='ocrx_word' id='word_1_238' title='bbox 674 2672 818 2737; x_wconf 88' lang='lat' dir='ltr'>patronum</span> <span class='ocrx_word' id='word_1_239' title='bbox 843 2681 911 2719; x_wconf 88' lang='lat' dir='ltr'>esse.</span> <span class='ocrx_word' id='word_1_240' title='bbox 956 2663 1040 2718; x_wconf 84' lang='lat' dir='ltr'>Natus</span> <span class='ocrx_word' id='word_1_241' title='bbox 1068 2680 1126 2718; x_wconf 90' lang='lat' dir='ltr'>snm</span> <span class='ocrx_word' id='word_1_242' title='bbox 1156 2662 1182 2717; x_wconf 90' lang='lat' dir='ltr'>in</span> <span class='ocrx_word' id='word_1_243' title='bbox 1213 2679 1279 2735; x_wconf 91' lang='lat' dir='ltr'>agro</span> <span class='ocrx_word' id='word_1_244' title='bbox 1308 2662 1350 2717; x_wconf 91' lang='lat' dir='ltr'>cui</span> <span class='ocrx_word' id='word_1_245' title='bbox 1379 2678 1446 2734; x_wconf 82' lang='lat' dir='ltr'>gens</span> <span class='ocrx_word' id='word_1_246' title='bbox 1477 2679 1534 2716; x_wconf 89' lang='lat' dir='ltr'>mea</span> <span class='ocrx_word' id='word_1_247' title='bbox 1557 2680 1655 2717; x_wconf 88' lang='lat' dir='ltr'>nomen</span> 
     </span>
     <span class='ocr_line' id='line_1_24' title="bbox 361 2744 1654 2821; baseline 0.003 -24"><span class='ocrx_word' id='word_1_248' title='bbox 361 2744 450 2806; x_wconf 89' lang='lat' dir='ltr'>dedit,</span> <span class='ocrx_word' id='word_1_249' title='bbox 472 2762 526 2800; x_wconf 91' lang='lat' dir='ltr'>nou</span> <span class='ocrx_word' id='word_1_250' title='bbox 550 2746 630 2820; x_wconf 88' lang='lat' dir='ltr'>longe</span> <span class='ocrx_word' id='word_1_251' title='bbox 650 2766 664 2802; x_wconf 89' lang='lat' dir='ltr'>a</span> <span class='ocrx_word' id='word_1_252' title='bbox 686 2747 911 2821; x_wconf 80' lang='lat' dir='ltr'>l&#39;ribnrgo-urbe</span> <span class='ocrx_word' id='word_1_253' title='bbox 931 2748 1033 2803; x_wconf 83' lang='lat' dir='ltr'>blisuiae</span> <span class='ocrx_word' id='word_1_254' title='bbox 1056 2747 1172 2808; x_wconf 83' lang='lat' dir='ltr'>celebri.</span> <span class='ocrx_word' id='word_1_255' title='bbox 1200 2764 1277 2807; x_wconf 84' lang='lat' dir='ltr'>avos,</span> <span class='ocrx_word' id='word_1_256' title='bbox 1306 2755 1412 2805; x_wconf 73' lang='lat' dir='ltr'>atavos,</span> <span class='ocrx_word' id='word_1_257' title='bbox 1441 2755 1569 2819; x_wconf 85' lang='lat' dir='ltr'>parentes</span> <span class='ocrx_word' id='word_1_258' title='bbox 1591 2748 1654 2801; x_wconf 91' lang='lat' dir='ltr'>item</span> 
     </span>
     <span class='ocr_line' id='line_1_25' title="bbox 318 2827 1652 2906; baseline 0.003 -24"><span class='ocrx_word' id='word_1_259' title='bbox 318 2840 322 2846; x_wconf 81' lang='lat'>‘</span> <span class='ocrx_word' id='word_1_260' title='bbox 362 2827 473 2900; x_wconf 85' lang='lat' dir='ltr'>(quibus</span> <span class='ocrx_word' id='word_1_261' title='bbox 496 2838 524 2884; x_wconf 91' lang='lat' dir='ltr'>et</span> <span class='ocrx_word' id='word_1_262' title='bbox 543 2830 624 2886; x_wconf 91' lang='lat' dir='ltr'>claris</span> <span class='ocrx_word' id='word_1_263' title='bbox 648 2841 675 2887; x_wconf 92' lang='lat' dir='ltr'>et</span> <span class='ocrx_word' id='word_1_264' title='bbox 698 2834 808 2906; x_wconf 88' lang='lat' dir='ltr'>optimis</span> <span class='ocrx_word' id='word_1_265' title='bbox 831 2850 997 2906; x_wconf 87' lang='lat' dir='ltr'>progressus</span> <span class='ocrx_word' id='word_1_266' title='bbox 1018 2832 1087 2903; x_wconf 83' lang='lat' dir='ltr'>suni)</span> <span class='ocrx_word' id='word_1_267' title='bbox 1111 2840 1164 2886; x_wconf 90' lang='lat' dir='ltr'>tam</span> <span class='ocrx_word' id='word_1_268' title='bbox 1184 2831 1260 2886; x_wconf 90' lang='lat' dir='ltr'>soleo</span> <span class='ocrx_word' id='word_1_269' title='bbox 1282 2831 1394 2889; x_wconf 89' lang='lat' dir='ltr'>iactare,</span> <span class='ocrx_word' id='word_1_270' title='bbox 1419 2848 1498 2902; x_wconf 75' lang='lat' dir='ltr'>rpeiam</span> <span class='ocrx_word' id='word_1_271' title='bbox 1515 2829 1575 2884; x_wconf 91' lang='lat' dir='ltr'>aliis</span> <span class='ocrx_word' id='word_1_272' title='bbox 1590 2849 1652 2886; x_wconf 89' lang='lat' dir='ltr'>snas</span> 
     </span>
     <span class='ocr_line' id='line_1_26' title="bbox 326 2912 1654 2990; baseline 0.002 -24"><span class='ocrx_word' id='word_1_273' title='bbox 326 2912 460 2977; x_wconf 72' lang='lat' dir='ltr'>essqrdes</span> <span class='ocrx_word' id='word_1_274' title='bbox 479 2914 631 2988; x_wconf 79' lang='lat' dir='ltr'>exprobro:</span> <span class='ocrx_word' id='word_1_275' title='bbox 656 2917 811 2990; x_wconf 86' lang='lat' dir='ltr'>quidenna</span> <span class='ocrx_word' id='word_1_276' title='bbox 836 2936 892 2973; x_wconf 82' lang='lat' dir='ltr'>inm</span> <span class='ocrx_word' id='word_1_277' title='bbox 917 2918 999 2972; x_wconf 86' lang='lat' dir='ltr'>retert</span> <span class='ocrx_word' id='word_1_278' title='bbox 1027 2935 1077 2990; x_wconf 86' lang='lat' dir='ltr'>qna</span> <span class='ocrx_word' id='word_1_279' title='bbox 1101 2916 1161 2970; x_wconf 89' lang='lat' dir='ltr'>lena</span> <span class='ocrx_word' id='word_1_280' title='bbox 1185 2933 1272 2990; x_wconf 83' lang='lat' dir='ltr'>epiose</span> <span class='ocrx_word' id='word_1_281' title='bbox 1292 2922 1338 2969; x_wconf 89' lang='lat' dir='ltr'>ant</span> <span class='ocrx_word' id='word_1_282' title='bbox 1361 2915 1501 2969; x_wconf 86' lang='lat' dir='ltr'>sacculote</span> <span class='ocrx_word' id='word_1_283' title='bbox 1529 2923 1574 2969; x_wconf 85' lang='lat' dir='ltr'>atit</span> <span class='ocrx_word' id='word_1_284' title='bbox 1598 2933 1654 2970; x_wconf 78' lang='lat' dir='ltr'>mo</span> 
     </span>
     <span class='ocr_line' id='line_1_27' title="bbox 360 2996 1653 3075; baseline 0.002 -24"><span class='ocrx_word' id='word_1_285' title='bbox 360 2996 448 3052; x_wconf 83' lang='lat' dir='ltr'>rraclro</span> <span class='ocrx_word' id='word_1_286' title='bbox 473 2998 603 3070; x_wconf 81' lang='lat' dir='ltr'>quibusve</span> <span class='ocrx_word' id='word_1_287' title='bbox 626 3017 640 3055; x_wconf 91' lang='lat' dir='ltr'>e</span> <span class='ocrx_word' id='word_1_288' title='bbox 663 3002 843 3074; x_wconf 86' lang='lat' dir='ltr'>sterquiliniis</span> <span class='ocrx_word' id='word_1_289' title='bbox 871 3003 931 3075; x_wconf 88' lang='lat' dir='ltr'>quis</span> <span class='ocrx_word' id='word_1_290' title='bbox 957 3002 1140 3075; x_wconf 86' lang='lat' dir='ltr'>prorepserit,</span> <span class='ocrx_word' id='word_1_291' title='bbox 1173 3001 1254 3055; x_wconf 75' lang='lat' dir='ltr'>niorto</span> <span class='ocrx_word' id='word_1_292' title='bbox 1281 2999 1381 3070; x_wconf 74' lang='lat' dir='ltr'>ingenii</span> <span class='ocrx_word' id='word_1_293' title='bbox 1410 2999 1520 3054; x_wconf 89' lang='lat' dir='ltr'>dotibus</span> <span class='ocrx_word' id='word_1_294' title='bbox 1548 3000 1653 3060; x_wconf 82' lang='lat' dir='ltr'>damma,</span> 
     </span>
     <span class='ocr_line' id='line_1_28' title="bbox 361 3082 1654 3160; baseline 0.002 -25"><span class='ocrx_word' id='word_1_295' title='bbox 361 3098 422 3153; x_wconf 71' lang='lat' dir='ltr'>quar</span> <span class='ocrx_word' id='word_1_296' title='bbox 446 3098 501 3137; x_wconf 91' lang='lat' dir='ltr'>non</span> <span class='ocrx_word' id='word_1_297' title='bbox 524 3101 572 3139; x_wconf 89' lang='lat' dir='ltr'>sua</span> <span class='ocrx_word' id='word_1_298' title='bbox 592 3084 671 3158; x_wconf 89' lang='lat' dir='ltr'>eulpa</span> <span class='ocrx_word' id='word_1_299' title='bbox 692 3086 829 3148; x_wconf 89' lang='lat' dir='ltr'>accidunt,</span> <span class='ocrx_word' id='word_1_300' title='bbox 851 3087 995 3160; x_wconf 88' lang='lat' dir='ltr'>rependat,</span> <span class='ocrx_word' id='word_1_301' title='bbox 1017 3093 1192 3160; x_wconf 83' lang='lat' dir='ltr'>superetque.</span> <span class='ocrx_word' id='word_1_302' title='bbox 1234 3101 1303 3157; x_wconf 78' lang='lat' dir='ltr'>quau</span> <span class='ocrx_word' id='word_1_303' title='bbox 1319 3101 1383 3137; x_wconf 82' lang='lat' dir='ltr'>reru</span> <span class='ocrx_word' id='word_1_304' title='bbox 1399 3082 1574 3156; x_wconf 61' lang='lat' dir='ltr'>Es&#39;arigelicos</span> <span class='ocrx_word' id='word_1_305' title='bbox 1589 3103 1654 3157; x_wconf 86' lang='lat' dir='ltr'>pro·</span> 
     </span>
     <span class='ocr_line' id='line_1_29' title="bbox 360 3167 1653 3244; baseline 0.004 -25"><span class='ocrx_word' id='word_1_306' title='bbox 360 3182 497 3237; x_wconf 89' lang='lat' dir='ltr'>pugnem,</span> <span class='ocrx_word' id='word_1_307' title='bbox 520 3167 608 3223; x_wconf 82' lang='lat' dir='ltr'>sciunt</span> <span class='ocrx_word' id='word_1_308' title='bbox 629 3169 656 3224; x_wconf 90' lang='lat' dir='ltr'>bi</span> <span class='ocrx_word' id='word_1_309' title='bbox 678 3187 739 3225; x_wconf 88' lang='lat' dir='ltr'>cnm</span> <span class='ocrx_word' id='word_1_310' title='bbox 763 3171 861 3243; x_wconf 90' lang='lat' dir='ltr'>quibus</span> <span class='ocrx_word' id='word_1_311' title='bbox 887 3172 937 3226; x_wconf 89' lang='lat' dir='ltr'>iarn</span> <span class='ocrx_word' id='word_1_312' title='bbox 960 3170 1065 3244; x_wconf 89' lang='lat' dir='ltr'>aliquot</span> <span class='ocrx_word' id='word_1_313' title='bbox 1085 3170 1163 3225; x_wconf 81' lang='lat' dir='ltr'>arinis</span> <span class='ocrx_word' id='word_1_314' title='bbox 1185 3169 1245 3224; x_wconf 77' lang='lat' dir='ltr'>riri.</span> <span class='ocrx_word' id='word_1_315' title='bbox 1287 3168 1366 3222; x_wconf 78' lang='lat' dir='ltr'>tinini</span> <span class='ocrx_word' id='word_1_316' title='bbox 1390 3186 1403 3222; x_wconf 93' lang='lat' dir='ltr'>a</span> <span class='ocrx_word' id='word_1_317' title='bbox 1428 3168 1488 3223; x_wconf 89' lang='lat' dir='ltr'>solo</span> <span class='ocrx_word' id='word_1_318' title='bbox 1510 3170 1599 3241; x_wconf 91' lang='lat' dir='ltr'>patrio</span> <span class='ocrx_word' id='word_1_319' title='bbox 1620 3188 1653 3224; x_wconf 92' lang='lat' dir='ltr'>eo</span> 
     </span>
     <span class='ocr_line' id='line_1_30' title="bbox 362 3250 1651 3325; baseline 0.005 -23"><span class='ocrx_word' id='word_1_320' title='bbox 362 3250 502 3323; x_wconf 80' lang='lat' dir='ltr'>praecipue</span> <span class='ocrx_word' id='word_1_321' title='bbox 524 3252 654 3316; x_wconf 85' lang='lat' dir='ltr'>consilio,</span> <span class='ocrx_word' id='word_1_322' title='bbox 678 3261 708 3308; x_wconf 92' lang='lat' dir='ltr'>nt</span> <span class='ocrx_word' id='word_1_323' title='bbox 730 3254 869 3310; x_wconf 89' lang='lat' dir='ltr'>bominum</span> <span class='ocrx_word' id='word_1_324' title='bbox 893 3263 920 3310; x_wconf 89' lang='lat' dir='ltr'>et</span> <span class='ocrx_word' id='word_1_325' title='bbox 942 3254 1083 3310; x_wconf 86' lang='lat' dir='ltr'>literarum</span> <span class='ocrx_word' id='word_1_326' title='bbox 1110 3254 1220 3309; x_wconf 90' lang='lat' dir='ltr'>doctior</span> <span class='ocrx_word' id='word_1_327' title='bbox 1248 3253 1424 3325; x_wconf 90' lang='lat' dir='ltr'>ornatiorque</span> <span class='ocrx_word' id='word_1_328' title='bbox 1452 3252 1597 3325; x_wconf 89' lang='lat' dir='ltr'>aliqnando</span> <span class='ocrx_word' id='word_1_329' title='bbox 1619 3255 1651 3308; x_wconf 89' lang='lat' dir='ltr'>ad</span> 
     </span>
     <span class='ocr_line' id='line_1_31' title="bbox 326 3335 1652 3412; baseline 0.006 -27"><span class='ocrx_word' id='word_1_330' title='bbox 326 3349 438 3388; x_wconf 83' lang='lat' dir='ltr'>aniueos</span> <span class='ocrx_word' id='word_1_331' title='bbox 461 3335 593 3390; x_wconf 88' lang='lat' dir='ltr'>redirem:</span> <span class='ocrx_word' id='word_1_332' title='bbox 627 3354 677 3393; x_wconf 85' lang='lat' dir='ltr'>nee</span> <span class='ocrx_word' id='word_1_333' title='bbox 699 3339 875 3411; x_wconf 80' lang='lat' dir='ltr'>praeterhac</span> <span class='ocrx_word' id='word_1_334' title='bbox 898 3338 969 3393; x_wconf 88' lang='lat' dir='ltr'>aliud</span> <span class='ocrx_word' id='word_1_335' title='bbox 995 3357 1091 3412; x_wconf 86' lang='lat' dir='ltr'>agens,</span> <span class='ocrx_word' id='word_1_336' title='bbox 1126 3340 1198 3412; x_wconf 89' lang='lat' dir='ltr'>qnod</span> <span class='ocrx_word' id='word_1_337' title='bbox 1222 3338 1283 3392; x_wconf 89' lang='lat' dir='ltr'>iude</span> <span class='ocrx_word' id='word_1_338' title='bbox 1305 3336 1420 3408; x_wconf 74' lang='lat' dir='ltr'>intelligi</span> <span class='ocrx_word' id='word_1_339' title='bbox 1441 3345 1547 3410; x_wconf 86' lang='lat' dir='ltr'>potest,</span> <span class='ocrx_word' id='word_1_340' title='bbox 1580 3339 1652 3410; x_wconf 87' lang='lat' dir='ltr'>qrunl</span> 
     </span>
     <span class='ocr_line' id='line_1_32' title="bbox 361 3416 1650 3496; baseline 0.004 -26"><span class='ocrx_word' id='word_1_341' title='bbox 361 3416 492 3473; x_wconf 86' lang='lat' dir='ltr'>bactenns</span> <span class='ocrx_word' id='word_1_342' title='bbox 514 3437 556 3476; x_wconf 87' lang='lat' dir='ltr'>me</span> <span class='ocrx_word' id='word_1_343' title='bbox 573 3420 640 3476; x_wconf 88' lang='lat' dir='ltr'>nulli</span> <span class='ocrx_word' id='word_1_344' title='bbox 656 3439 744 3495; x_wconf 86' lang='lat' dir='ltr'>neque</span> <span class='ocrx_word' id='word_1_345' title='bbox 760 3422 846 3485; x_wconf 76' lang='lat' dir='ltr'>atila,</span> <span class='ocrx_word' id='word_1_346' title='bbox 869 3440 956 3496; x_wconf 82' lang='lat' dir='ltr'>neepre</span> <span class='ocrx_word' id='word_1_347' title='bbox 973 3422 1129 3496; x_wconf 69' lang='lat' dir='ltr'>reipublice</span> <span class='ocrx_word' id='word_1_348' title='bbox 1150 3422 1311 3483; x_wconf 79' lang='lat' dir='ltr'>addixerim,</span> <span class='ocrx_word' id='word_1_349' title='bbox 1331 3439 1387 3476; x_wconf 87' lang='lat' dir='ltr'>inea</span> <span class='ocrx_word' id='word_1_350' title='bbox 1404 3422 1536 3476; x_wconf 88' lang='lat' dir='ltr'>tenuitate</span> <span class='ocrx_word' id='word_1_351' title='bbox 1552 3424 1650 3477; x_wconf 84' lang='lat' dir='ltr'>virens.</span> 
     </span>
     <span class='ocr_line' id='line_1_33' title="bbox 360 3499 1651 3578; baseline 0.005 -23"><span class='ocrx_word' id='word_1_352' title='bbox 360 3499 437 3567; x_wconf 80' lang='lat' dir='ltr'>Quod</span> <span class='ocrx_word' id='word_1_353' title='bbox 461 3511 551 3558; x_wconf 91' lang='lat' dir='ltr'>autem</span> <span class='ocrx_word' id='word_1_354' title='bbox 573 3513 675 3578; x_wconf 83' lang='lat' dir='ltr'>praeter</span> <span class='ocrx_word' id='word_1_355' title='bbox 696 3507 839 3562; x_wconf 89' lang='lat' dir='ltr'>consilium</span> <span class='ocrx_word' id='word_1_356' title='bbox 864 3516 892 3562; x_wconf 90' lang='lat' dir='ltr'>et</span> <span class='ocrx_word' id='word_1_357' title='bbox 911 3508 1065 3562; x_wconf 87' lang='lat' dir='ltr'>institutum</span> <span class='ocrx_word' id='word_1_358' title='bbox 1089 3524 1178 3562; x_wconf 90' lang='lat' dir='ltr'>meum</span> <span class='ocrx_word' id='word_1_359' title='bbox 1201 3507 1247 3561; x_wconf 92' lang='lat' dir='ltr'>diu</span> <span class='ocrx_word' id='word_1_360' title='bbox 1270 3523 1330 3561; x_wconf 89' lang='lat' dir='ltr'>cum</span> <span class='ocrx_word' id='word_1_361' title='bbox 1353 3505 1581 3578; x_wconf 64' lang='lat' dir='ltr'>,trgeutoratibus</span> <span class='ocrx_word' id='word_1_362' title='bbox 1605 3508 1651 3567; x_wconf 85' lang='lat' dir='ltr'>bri,</span> 
     </span>
     <span class='ocr_line' id='line_1_34' title="bbox 359 3585 1650 3664; baseline 0.005 -25"><span class='ocrx_word' id='word_1_363' title='bbox 359 3585 412 3639; x_wconf 89' lang='lat' dir='ltr'>etsi</span> <span class='ocrx_word' id='word_1_364' title='bbox 432 3604 517 3641; x_wconf 61' lang='lat' dir='ltr'>mora}</span> <span class='ocrx_word' id='word_1_365' title='bbox 532 3605 640 3644; x_wconf 85' lang='lat' dir='ltr'>causam</span> <span class='ocrx_word' id='word_1_366' title='bbox 659 3591 725 3645; x_wconf 86' lang='lat' dir='ltr'>satis</span> <span class='ocrx_word' id='word_1_367' title='bbox 742 3600 887 3664; x_wconf 70' lang='lat' dir='ltr'>prestaret</span> <span class='ocrx_word' id='word_1_368' title='bbox 902 3591 954 3646; x_wconf 92' lang='lat' dir='ltr'>loci</span> <span class='ocrx_word' id='word_1_369' title='bbox 972 3598 1029 3646; x_wconf 89' lang='lat' dir='ltr'>tum</span> <span class='ocrx_word' id='word_1_370' title='bbox 1045 3592 1199 3652; x_wconf 79' lang='lat' dir='ltr'>aruernitas,</span> <span class='ocrx_word' id='word_1_371' title='bbox 1223 3600 1278 3645; x_wconf 91' lang='lat' dir='ltr'>tum</span> <span class='ocrx_word' id='word_1_372' title='bbox 1298 3589 1358 3646; x_wconf 80' lang='lat' dir='ltr'>audi</span> <span class='ocrx_word' id='word_1_373' title='bbox 1377 3591 1538 3664; x_wconf 84' lang='lat' dir='ltr'>temperies,</span> <span class='ocrx_word' id='word_1_374' title='bbox 1563 3599 1650 3646; x_wconf 89' lang='lat' dir='ltr'>tamen</span> 
     </span>
     <span class='ocr_line' id='line_1_35' title="bbox 359 3670 1652 3749; baseline 0.005 -25"><span class='ocrx_word' id='word_1_375' title='bbox 359 3670 526 3743; x_wconf 88' lang='lat' dir='ltr'>respublica,</span> <span class='ocrx_word' id='word_1_376' title='bbox 550 3682 604 3729; x_wconf 91' lang='lat' dir='ltr'>tam</span> <span class='ocrx_word' id='word_1_377' title='bbox 627 3673 744 3731; x_wconf 82' lang='lat' dir='ltr'>feliciter</span> <span class='ocrx_word' id='word_1_378' title='bbox 765 3676 914 3730; x_wconf 89' lang='lat' dir='ltr'>constituta</span> <span class='ocrx_word' id='word_1_379' title='bbox 941 3674 1084 3748; x_wconf 85' lang='lat' dir='ltr'>plusquam</span> <span class='ocrx_word' id='word_1_380' title='bbox 1107 3676 1251 3749; x_wconf 90' lang='lat' dir='ltr'>quiequam</span> <span class='ocrx_word' id='word_1_381' title='bbox 1272 3674 1357 3734; x_wconf 90' lang='lat' dir='ltr'>alind.</span> <span class='ocrx_word' id='word_1_382' title='bbox 1381 3692 1423 3729; x_wconf 89' lang='lat' dir='ltr'>rue</span> <span class='ocrx_word' id='word_1_383' title='bbox 1438 3675 1490 3730; x_wconf 90' lang='lat' dir='ltr'>buc</span> <span class='ocrx_word' id='word_1_384' title='bbox 1506 3692 1592 3748; x_wconf 88' lang='lat' dir='ltr'>usqne</span> <span class='ocrx_word' id='word_1_385' title='bbox 1607 3677 1652 3731; x_wconf 89' lang='lat' dir='ltr'>dc·</span> 
     </span>
     <span class='ocr_line' id='line_1_36' title="bbox 324 3754 1651 3834; baseline 0.007 -27"><span class='ocrx_word' id='word_1_386' title='bbox 324 3754 458 3809; x_wconf 82' lang='lat' dir='ltr'>astinuit:</span> <span class='ocrx_word' id='word_1_387' title='bbox 491 3764 573 3829; x_wconf 90' lang='lat' dir='ltr'>atque</span> <span class='ocrx_word' id='word_1_388' title='bbox 598 3768 628 3813; x_wconf 90' lang='lat' dir='ltr'>ut</span> <span class='ocrx_word' id='word_1_389' title='bbox 649 3759 709 3814; x_wconf 91' lang='lat' dir='ltr'>eius</span> <span class='ocrx_word' id='word_1_390' title='bbox 739 3761 851 3815; x_wconf 80' lang='lat' dir='ltr'>sormam</span> <span class='ocrx_word' id='word_1_391' title='bbox 875 3760 967 3834; x_wconf 87' lang='lat' dir='ltr'>paneis</span> <span class='ocrx_word' id='word_1_392' title='bbox 997 3760 1155 3833; x_wconf 79' lang='lat' dir='ltr'>depingam,</span> <span class='ocrx_word' id='word_1_393' title='bbox 1185 3768 1238 3815; x_wconf 89' lang='lat' dir='ltr'>tarn</span> <span class='ocrx_word' id='word_1_394' title='bbox 1260 3759 1372 3831; x_wconf 82' lang='lat' dir='ltr'>egregie</span> <span class='ocrx_word' id='word_1_395' title='bbox 1392 3759 1516 3815; x_wconf 89' lang='lat' dir='ltr'>instituta</span> <span class='ocrx_word' id='word_1_396' title='bbox 1537 3770 1592 3822; x_wconf 91' lang='lat' dir='ltr'>est,</span> <span class='ocrx_word' id='word_1_397' title='bbox 1622 3770 1651 3817; x_wconf 92' lang='lat' dir='ltr'>ut</span> 
     </span>
     <span class='ocr_line' id='line_1_37' title="bbox 358 3838 1652 3917; baseline 0.007 -26"><span class='ocrx_word' id='word_1_398' title='bbox 358 3838 426 3893; x_wconf 88' lang='lat' dir='ltr'>nulli</span> <span class='ocrx_word' id='word_1_399' title='bbox 442 3839 539 3895; x_wconf 81' lang='lat' dir='ltr'>cisium</span> <span class='ocrx_word' id='word_1_400' title='bbox 555 3843 644 3898; x_wconf 90' lang='lat' dir='ltr'>ordini</span> <span class='ocrx_word' id='word_1_401' title='bbox 660 3860 724 3898; x_wconf 91' lang='lat' dir='ltr'>suns</span> <span class='ocrx_word' id='word_1_402' title='bbox 739 3844 899 3899; x_wconf 90' lang='lat' dir='ltr'>detrabatur</span> <span class='ocrx_word' id='word_1_403' title='bbox 914 3845 1017 3905; x_wconf 83' lang='lat' dir='ltr'>honor.</span> <span class='ocrx_word' id='word_1_404' title='bbox 1041 3844 1144 3899; x_wconf 82' lang='lat' dir='ltr'>mixtim</span> <span class='ocrx_word' id='word_1_405' title='bbox 1159 3851 1187 3899; x_wconf 88' lang='lat' dir='ltr'>et</span> <span class='ocrx_word' id='word_1_406' title='bbox 1202 3851 1295 3917; x_wconf 88' lang='lat' dir='ltr'>patres</span> <span class='ocrx_word' id='word_1_407' title='bbox 1316 3852 1344 3898; x_wconf 89' lang='lat' dir='ltr'>et</span> <span class='ocrx_word' id='word_1_408' title='bbox 1366 3843 1471 3899; x_wconf 88' lang='lat' dir='ltr'>nobiles</span> <span class='ocrx_word' id='word_1_409' title='bbox 1493 3861 1583 3900; x_wconf 88' lang='lat' dir='ltr'>rernm</span> <span class='ocrx_word' id='word_1_410' title='bbox 1603 3864 1652 3916; x_wconf 82' lang='lat' dir='ltr'>gu·</span> 
     </span>
     <span class='ocr_line' id='line_1_38' title="bbox 357 3922 1651 4002; baseline 0.006 -26"><span class='ocrx_word' id='word_1_411' title='bbox 357 3922 512 3979; x_wconf 86' lang='lat' dir='ltr'>bernaculis</span> <span class='ocrx_word' id='word_1_412' title='bbox 527 3935 659 3999; x_wconf 82' lang='lat' dir='ltr'>praesunt,</span> <span class='ocrx_word' id='word_1_413' title='bbox 676 3935 749 3983; x_wconf 85' lang='lat' dir='ltr'>tauta</span> <span class='ocrx_word' id='word_1_414' title='bbox 765 3928 921 4001; x_wconf 82' lang='lat' dir='ltr'>reipublieae</span> <span class='ocrx_word' id='word_1_415' title='bbox 938 3928 1087 3988; x_wconf 87' lang='lat' dir='ltr'>harmonia,</span> <span class='ocrx_word' id='word_1_416' title='bbox 1103 3937 1131 3984; x_wconf 94' lang='lat' dir='ltr'>nt</span> <span class='ocrx_word' id='word_1_417' title='bbox 1148 3935 1257 4001; x_wconf 82' lang='lat' dir='ltr'>patruni</span> <span class='ocrx_word' id='word_1_418' title='bbox 1272 3928 1399 4000; x_wconf 76' lang='lat' dir='ltr'>gravitas,</span> <span class='ocrx_word' id='word_1_419' title='bbox 1415 3928 1545 3983; x_wconf 91' lang='lat' dir='ltr'>nobilium</span> <span class='ocrx_word' id='word_1_420' title='bbox 1561 3928 1651 4002; x_wconf 91' lang='lat' dir='ltr'>splen·</span> 
     </span>
     <span class='ocr_line' id='line_1_39' title="bbox 356 4006 1650 4087; baseline 0.007 -27"><span class='ocrx_word' id='word_1_421' title='bbox 356 4006 409 4061; x_wconf 89' lang='lat' dir='ltr'>dor</span> <span class='ocrx_word' id='word_1_422' title='bbox 430 4015 459 4063; x_wconf 91' lang='lat' dir='ltr'>et</span> <span class='ocrx_word' id='word_1_423' title='bbox 477 4008 587 4065; x_wconf 83' lang='lat' dir='ltr'>claritas</span> <span class='ocrx_word' id='word_1_424' title='bbox 608 4011 680 4084; x_wconf 88' lang='lat' dir='ltr'>plebi</span> <span class='ocrx_word' id='word_1_425' title='bbox 702 4013 739 4066; x_wconf 90' lang='lat' dir='ltr'>sit</span> <span class='ocrx_word' id='word_1_426' title='bbox 762 4030 841 4087; x_wconf 91' lang='lat' dir='ltr'>qnam</span> <span class='ocrx_word' id='word_1_427' title='bbox 868 4013 1006 4068; x_wconf 89' lang='lat' dir='ltr'>minimum</span> <span class='ocrx_word' id='word_1_428' title='bbox 1033 4014 1131 4084; x_wconf 83' lang='lat' dir='ltr'>gravis.</span> <span class='ocrx_word' id='word_1_429' title='bbox 1175 4012 1241 4067; x_wconf 92' lang='lat' dir='ltr'>llinc</span> <span class='ocrx_word' id='word_1_430' title='bbox 1269 4021 1336 4085; x_wconf 90' lang='lat' dir='ltr'>puto</span> <span class='ocrx_word' id='word_1_431' title='bbox 1366 4012 1501 4074; x_wconf 81' lang='lat' dir='ltr'>evenisse,</span> <span class='ocrx_word' id='word_1_432' title='bbox 1534 4022 1563 4069; x_wconf 92' lang='lat' dir='ltr'>ut</span> <span class='ocrx_word' id='word_1_433' title='bbox 1589 4032 1650 4070; x_wconf 84' lang='lat' dir='ltr'>crim</span> 
     </span>
     <span class='ocr_line' id='line_1_40' title="bbox 357 4092 1651 4171; baseline 0.006 -26"><span class='ocrx_word' id='word_1_434' title='bbox 357 4092 547 4164; x_wconf 84' lang='lat' dir='ltr'>superioribus</span> <span class='ocrx_word' id='word_1_435' title='bbox 572 4095 650 4150; x_wconf 88' lang='lat' dir='ltr'>aunis</span> <span class='ocrx_word' id='word_1_436' title='bbox 679 4096 797 4152; x_wconf 81' lang='lat' dir='ltr'>universi</span> <span class='ocrx_word' id='word_1_437' title='bbox 829 4096 913 4155; x_wconf 84' lang='lat' dir='ltr'>tenue</span> <span class='ocrx_word' id='word_1_438' title='bbox 943 4114 993 4171; x_wconf 89' lang='lat' dir='ltr'>per</span> <span class='ocrx_word' id='word_1_439' title='bbox 1022 4097 1191 4152; x_wconf 79' lang='lat' dir='ltr'>(ternianiam</span> <span class='ocrx_word' id='word_1_440' title='bbox 1219 4095 1346 4168; x_wconf 83' lang='lat' dir='ltr'>agricolae</span> <span class='ocrx_word' id='word_1_441' title='bbox 1377 4115 1391 4151; x_wconf 92' lang='lat' dir='ltr'>a</span> <span class='ocrx_word' id='word_1_442' title='bbox 1421 4098 1478 4151; x_wconf 87' lang='lat' dir='ltr'>suis</span> <span class='ocrx_word' id='word_1_443' title='bbox 1504 4097 1651 4153; x_wconf 81' lang='lat' dir='ltr'>deficerent</span> 
     </span>
     <span class='ocr_line' id='line_1_41' title="bbox 319 4174 1649 4255; baseline 0.008 -28"><span class='ocrx_word' id='word_1_444' title='bbox 319 4174 445 4237; x_wconf 82' lang='lat' dir='ltr'>tuberis,</span> <span class='ocrx_word' id='word_1_445' title='bbox 469 4176 601 4250; x_wconf 84' lang='lat' dir='ltr'>plebsque</span> <span class='ocrx_word' id='word_1_446' title='bbox 623 4198 671 4252; x_wconf 91' lang='lat' dir='ltr'>per</span> <span class='ocrx_word' id='word_1_447' title='bbox 693 4180 792 4236; x_wconf 79' lang='lat' dir='ltr'>minitas</span> <span class='ocrx_word' id='word_1_448' title='bbox 815 4181 897 4237; x_wconf 90' lang='lat' dir='ltr'>urbes</span> <span class='ocrx_word' id='word_1_449' title='bbox 919 4183 1035 4255; x_wconf 88' lang='lat' dir='ltr'>agitaret</span> <span class='ocrx_word' id='word_1_450' title='bbox 1064 4182 1260 4240; x_wconf 86' lang='lat' dir='ltr'>secessionem.</span> <span class='ocrx_word' id='word_1_451' title='bbox 1295 4179 1346 4235; x_wconf 86' lang='lat' dir='ltr'>soli</span> <span class='ocrx_word' id='word_1_452' title='bbox 1376 4183 1573 4253; x_wconf 76' lang='lat' dir='ltr'>Argentorates</span> <span class='ocrx_word' id='word_1_453' title='bbox 1603 4193 1649 4238; x_wconf 86' lang='lat' dir='ltr'>aut</span> 
     </span>
     <span class='ocr_line' id='line_1_42' title="bbox 317 4263 1649 4340; baseline 0.006 -26"><span class='ocrx_word' id='word_1_454' title='bbox 317 4283 325 4296; x_wconf 84' lang='lat'><strong>·</strong></span> <span class='ocrx_word' id='word_1_455' title='bbox 353 4277 465 4333; x_wconf 87' lang='lat' dir='ltr'>parum,</span> <span class='ocrx_word' id='word_1_456' title='bbox 488 4271 535 4316; x_wconf 90' lang='lat' dir='ltr'>aut</span> <span class='ocrx_word' id='word_1_457' title='bbox 557 4263 625 4317; x_wconf 90' lang='lat' dir='ltr'>nibil</span> <span class='ocrx_word' id='word_1_458' title='bbox 650 4264 790 4320; x_wconf 89' lang='lat' dir='ltr'>turbarum</span> <span class='ocrx_word' id='word_1_459' title='bbox 812 4266 992 4340; x_wconf 89' lang='lat' dir='ltr'>perceperint.</span> <span class='ocrx_word' id='word_1_460' title='bbox 1031 4269 1117 4339; x_wconf 83' lang='lat' dir='ltr'>dtquc</span> <span class='ocrx_word' id='word_1_461' title='bbox 1141 4274 1171 4320; x_wconf 93' lang='lat' dir='ltr'>nt</span> <span class='ocrx_word' id='word_1_462' title='bbox 1193 4264 1259 4320; x_wconf 89' lang='lat' dir='ltr'>nibil</span> <span class='ocrx_word' id='word_1_463' title='bbox 1290 4265 1317 4320; x_wconf 90' lang='lat' dir='ltr'>in</span> <span class='ocrx_word' id='word_1_464' title='bbox 1345 4266 1394 4320; x_wconf 88' lang='lat' dir='ltr'>bac</span> <span class='ocrx_word' id='word_1_465' title='bbox 1418 4282 1448 4321; x_wconf 89' lang='lat' dir='ltr'>re</span> <span class='ocrx_word' id='word_1_466' title='bbox 1471 4265 1577 4338; x_wconf 91' lang='lat' dir='ltr'>publica</span> <span class='ocrx_word' id='word_1_467' title='bbox 1602 4267 1649 4322; x_wconf 87' lang='lat' dir='ltr'>de·</span> 
     </span>
     <span class='ocr_line' id='line_1_43' title="bbox 352 4345 1683 4425; baseline 0.005 -26"><span class='ocrx_word' id='word_1_468' title='bbox 352 4345 512 4417; x_wconf 75' lang='lat' dir='ltr'>syderetur,</span> <span class='ocrx_word' id='word_1_469' title='bbox 539 4347 710 4419; x_wconf 89' lang='lat' dir='ltr'>ingeniorum</span> <span class='ocrx_word' id='word_1_470' title='bbox 732 4349 895 4406; x_wconf 82' lang='lat' dir='ltr'>formatores</span> <span class='ocrx_word' id='word_1_471' title='bbox 915 4351 958 4407; x_wconf 89' lang='lat' dir='ltr'>bic</span> <span class='ocrx_word' id='word_1_472' title='bbox 981 4359 1045 4404; x_wconf 93' lang='lat' dir='ltr'>sunt</span> <span class='ocrx_word' id='word_1_473' title='bbox 1074 4350 1226 4406; x_wconf 88' lang='lat' dir='ltr'>clarissimi.</span> <span class='ocrx_word' id='word_1_474' title='bbox 1267 4350 1384 4425; x_wconf 81' lang='lat' dir='ltr'>Lirignas</span> <span class='ocrx_word' id='word_1_475' title='bbox 1412 4350 1510 4404; x_wconf 88' lang='lat' dir='ltr'>docent</span> <span class='ocrx_word' id='word_1_476' title='bbox 1538 4349 1649 4407; x_wconf 89' lang='lat' dir='ltr'>lacobus</span> <span class='ocrx_word' id='word_1_477' title='bbox 1680 4411 1683 4418; x_wconf 63' lang='grc'><strong>,</strong></span> 
     </span>
     <span class='ocr_line' id='line_1_44' title="bbox 352 4427 1648 4507; baseline 0.005 -24"><span class='ocrx_word' id='word_1_478' title='bbox 352 4427 486 4485; x_wconf 86' lang='lat' dir='ltr'>Bedrotns</span> <span class='ocrx_word' id='word_1_479' title='bbox 510 4449 625 4503; x_wconf 77' lang='lat' dir='ltr'>graecam</span> <span class='ocrx_word' id='word_1_480' title='bbox 649 4443 676 4488; x_wconf 87' lang='lat' dir='ltr'>et</span> <span class='ocrx_word' id='word_1_481' title='bbox 705 4432 828 4494; x_wconf 87' lang='lat' dir='ltr'>latinam,</span> <span class='ocrx_word' id='word_1_482' title='bbox 862 4434 1001 4491; x_wconf 81' lang='lat' dir='ltr'>llebraeam</span> <span class='ocrx_word' id='word_1_483' title='bbox 1025 4434 1177 4490; x_wconf 86' lang='lat' dir='ltr'>llouitacius</span> <span class='ocrx_word' id='word_1_484' title='bbox 1203 4433 1347 4507; x_wconf 82' lang='lat' dir='ltr'>l&#39;olpliart,</span> <span class='ocrx_word' id='word_1_485' title='bbox 1382 4433 1424 4488; x_wconf 91' lang='lat' dir='ltr'>lus</span> <span class='ocrx_word' id='word_1_486' title='bbox 1453 4443 1541 4490; x_wconf 88' lang='lat' dir='ltr'>autern</span> <span class='ocrx_word' id='word_1_487' title='bbox 1570 4435 1648 4490; x_wconf 80' lang='lat' dir='ltr'>risile</span> 
     </span>
     <span class='ocr_line' id='line_1_45' title="bbox 351 4513 1649 4591; baseline 0.006 -24"><span class='ocrx_word' id='word_1_488' title='bbox 351 4513 468 4569; x_wconf 83' lang='lat' dir='ltr'>eximius</span> <span class='ocrx_word' id='word_1_489' title='bbox 488 4515 586 4571; x_wconf 78' lang='lat' dir='ltr'>eliretor</span> <span class='ocrx_word' id='word_1_490' title='bbox 608 4516 721 4572; x_wconf 88' lang='lat' dir='ltr'>loannes</span> <span class='ocrx_word' id='word_1_491' title='bbox 742 4517 854 4573; x_wconf 88' lang='lat' dir='ltr'>lacobus</span> <span class='ocrx_word' id='word_1_492' title='bbox 875 4518 982 4580; x_wconf 85' lang='lat' dir='ltr'>liriser,</span> <span class='ocrx_word' id='word_1_493' title='bbox 1014 4537 1115 4574; x_wconf 89' lang='lat' dir='ltr'>sacram</span> <span class='ocrx_word' id='word_1_494' title='bbox 1138 4519 1299 4591; x_wconf 87' lang='lat' dir='ltr'>scripturam</span> <span class='ocrx_word' id='word_1_495' title='bbox 1323 4518 1477 4591; x_wconf 84' lang='lat' dir='ltr'>prourisene</span> <span class='ocrx_word' id='word_1_496' title='bbox 1505 4522 1649 4575; x_wconf 87' lang='lat' dir='ltr'>conciona-</span> 
     </span>
     <span class='ocr_line' id='line_1_46' title="bbox 317 4598 1647 4677; baseline 0.008 -26"><span class='ocrx_word' id='word_1_497' title='bbox 317 4605 432 4653; x_wconf 77' lang='lat' dir='ltr'>tstores</span> <span class='ocrx_word' id='word_1_498' title='bbox 455 4598 538 4672; x_wconf 85' lang='lat' dir='ltr'>aliqui</span> <span class='ocrx_word' id='word_1_499' title='bbox 566 4601 699 4656; x_wconf 83' lang='lat' dir='ltr'>eiietdant:</span> <span class='ocrx_word' id='word_1_500' title='bbox 733 4610 809 4658; x_wconf 90' lang='lat' dir='ltr'>taceo</span> <span class='ocrx_word' id='word_1_501' title='bbox 839 4602 963 4659; x_wconf 88' lang='lat' dir='ltr'>loannem</span> <span class='ocrx_word' id='word_1_502' title='bbox 988 4604 1130 4677; x_wconf 86' lang='lat' dir='ltr'>Sapidum,</span> <span class='ocrx_word' id='word_1_503' title='bbox 1161 4604 1274 4658; x_wconf 84' lang='lat' dir='ltr'>anricurn</span> <span class='ocrx_word' id='word_1_504' title='bbox 1296 4603 1529 4675; x_wconf 78' lang='lat' dir='ltr'>syricerissimunr,</span> <span class='ocrx_word' id='word_1_505' title='bbox 1562 4605 1647 4661; x_wconf 79' lang='lat' dir='ltr'>sirum</span> 
     </span>
     <span class='ocr_line' id='line_1_47' title="bbox 352 4683 1646 4758; baseline 0.006 -22"><span class='ocrx_word' id='word_1_506' title='bbox 352 4683 380 4737; x_wconf 87' lang='lat' dir='ltr'>in</span> <span class='ocrx_word' id='word_1_507' title='bbox 405 4683 477 4738; x_wconf 91' lang='lat' dir='ltr'>omni</span> <span class='ocrx_word' id='word_1_508' title='bbox 500 4685 662 4740; x_wconf 87' lang='lat' dir='ltr'>emditionis</span> <span class='ocrx_word' id='word_1_509' title='bbox 681 4704 781 4758; x_wconf 86' lang='lat' dir='ltr'>genere</span> <span class='ocrx_word' id='word_1_510' title='bbox 803 4686 853 4742; x_wconf 90' lang='lat' dir='ltr'>iam</span> <span class='ocrx_word' id='word_1_511' title='bbox 873 4705 888 4743; x_wconf 88' lang='lat' dir='ltr'>a</span> <span class='ocrx_word' id='word_1_512' title='bbox 904 4688 998 4743; x_wconf 88' lang='lat' dir='ltr'>multis</span> <span class='ocrx_word' id='word_1_513' title='bbox 1013 4689 1089 4743; x_wconf 90' lang='lat' dir='ltr'>annis</span> <span class='ocrx_word' id='word_1_514' title='bbox 1109 4687 1243 4749; x_wconf 86' lang='lat' dir='ltr'>nobilem,</span> <span class='ocrx_word' id='word_1_515' title='bbox 1266 4696 1294 4743; x_wconf 93' lang='lat' dir='ltr'>ct</span> <span class='ocrx_word' id='word_1_516' title='bbox 1309 4688 1441 4742; x_wconf 86' lang='lat' dir='ltr'>tltlmneni</span> <span class='ocrx_word' id='word_1_517' title='bbox 1458 4688 1646 4749; x_wconf 84' lang='lat' dir='ltr'>annlelsirun,</span> 
     </span>
    </p>
   </div>
   <div class='ocr_carea' id='block_1_3' title="bbox 347 4863 1644 5104">
    <p class='ocr_par' dir='ltr' id='par_1_3' title="bbox 347 4863 1644 5104">
     <span class='ocr_line' id='line_1_48' title="bbox 423 4863 1644 4935; baseline 0.006 -22"><span class='ocrx_word' id='word_1_518' title='bbox 423 4863 441 4896; x_wconf 87' lang='lat'>&#39;¹</span> <span class='ocrx_word' id='word_1_519' title='bbox 460 4865 568 4915; x_wconf 84' lang='lat' dir='ltr'>Novell.</span> <span class='ocrx_word' id='word_1_520' title='bbox 583 4870 608 4915; x_wconf 81' lang='lat'>1.</span> <span class='ocrx_word' id='word_1_521' title='bbox 628 4866 821 4917; x_wconf 81' lang='lat' dir='ltr'>Valentiniani</span> <span class='ocrx_word' id='word_1_522' title='bbox 835 4868 884 4917; x_wconf 91' lang='lat'>111.</span> <span class='ocrx_word' id='word_1_523' title='bbox 905 4870 948 4917; x_wconf 87' lang='lat' dir='ltr'>tit.</span> <span class='ocrx_word' id='word_1_524' title='bbox 963 4885 1031 4919; x_wconf 82' lang='lat' dir='ltr'>xxii.</span> <span class='ocrx_word' id='word_1_525' title='bbox 1052 4870 1085 4918; x_wconf 91' lang='lat' dir='ltr'>de</span> <span class='ocrx_word' id='word_1_526' title='bbox 1109 4869 1230 4935; x_wconf 85' lang='lat' dir='ltr'>sepulcri</span> <span class='ocrx_word' id='word_1_527' title='bbox 1254 4869 1444 4919; x_wconf 80' lang='lat' dir='ltr'>violatoribus.</span> <span class='ocrx_word' id='word_1_528' title='bbox 1500 4868 1519 4900; x_wconf 84' lang='lat'>&#39;¹</span> <span class='ocrx_word' id='word_1_529' title='bbox 1543 4870 1644 4920; x_wconf 72' lang='lat' dir='ltr'>lituru-</span> 
     </span>
     <span class='ocr_line' id='line_1_49' title="bbox 349 4945 1604 5019; baseline 0.005 -22"><span class='ocrx_word' id='word_1_530' title='bbox 349 4945 416 5014; x_wconf 82' lang='lat' dir='ltr'>rioa]</span> <span class='ocrx_word' id='word_1_531' title='bbox 436 4949 497 4999; x_wconf 80' lang='lat' dir='ltr'>Non</span> <span class='ocrx_word' id='word_1_532' title='bbox 517 4949 686 4999; x_wconf 74' lang='lat' dir='ltr'>‘litterarior&#39;</span> <span class='ocrx_word' id='word_1_533' title='bbox 706 4951 754 4999; x_wconf 78' lang='lat' dir='ltr'>sen</span> <span class='ocrx_word' id='word_1_534' title='bbox 778 4954 965 5018; x_wconf 73' lang='lat' dir='ltr'>typographos</span> <span class='ocrx_word' id='word_1_535' title='bbox 989 4960 1054 5019; x_wconf 91' lang='lat' dir='ltr'>puto</span> <span class='ocrx_word' id='word_1_536' title='bbox 1073 4953 1140 5003; x_wconf 84' lang='lat' dir='ltr'>vult.</span> <span class='ocrx_word' id='word_1_537' title='bbox 1187 4954 1207 4985; x_wconf 84' lang='lat'>¹⁷</span> <span class='ocrx_word' id='word_1_538' title='bbox 1226 4970 1310 5004; x_wconf 80' lang='lat' dir='ltr'>carisa</span> <span class='ocrx_word' id='word_1_539' title='bbox 1327 4958 1366 5003; x_wconf 82' lang='lat' dir='ltr'>sic</span> <span class='ocrx_word' id='word_1_540' title='bbox 1383 4954 1448 5004; x_wconf 83' lang='lat' dir='ltr'>Sur.</span> <span class='ocrx_word' id='word_1_541' title='bbox 1496 4951 1519 4984; x_wconf 59' lang='grc' dir='ltr'><strong>ἥ</strong></span> <span class='ocrx_word' id='word_1_542' title='bbox 1537 4971 1644 5019; x_wconf 75' lang='lat' dir='ltr'>geris...</span> 
     </span>
     <span class='ocr_line' id='line_1_50' title="bbox 347 5030 1626 5104; baseline 0.007 -22"><span class='ocrx_word' id='word_1_543' title='bbox 347 5030 436 5097; x_wconf 87' lang='lat' dir='ltr'>dedit]</span> <span class='ocrx_word' id='word_1_544' title='bbox 455 5033 623 5085; x_wconf 78' lang='lat' dir='ltr'>invertenda</span> <span class='ocrx_word' id='word_1_545' title='bbox 642 5035 696 5083; x_wconf 84' lang='lat' dir='ltr'>tuit</span> <span class='ocrx_word' id='word_1_546' title='bbox 709 5051 766 5104; x_wconf 76' lang='lat' dir='ltr'>ree.</span> <span class='ocrx_word' id='word_1_547' title='bbox 824 5035 846 5068; x_wconf 71' lang='lat'>²³¹</span> <span class='ocrx_word' id='word_1_548' title='bbox 871 5043 919 5085; x_wconf 77' lang='lat' dir='ltr'>arnt</span> <span class='ocrx_word' id='word_1_549' title='bbox 937 5053 995 5086; x_wconf 84' lang='lat' dir='ltr'>suc.</span> <span class='ocrx_word' id='word_1_550' title='bbox 1015 5045 1064 5087; x_wconf 87' lang='lat' dir='ltr'>unt</span> <span class='ocrx_word' id='word_1_551' title='bbox 1082 5036 1164 5103; x_wconf 80' lang='lat' dir='ltr'>naon]</span> <span class='ocrx_word' id='word_1_552' title='bbox 1185 5038 1284 5087; x_wconf 86' lang='lat' dir='ltr'>alludit</span> <span class='ocrx_word' id='word_1_553' title='bbox 1303 5037 1337 5086; x_wconf 86' lang='lat' dir='ltr'>ud</span> <span class='ocrx_word' id='word_1_554' title='bbox 1356 5039 1464 5087; x_wconf 80' lang='lat' dir='ltr'>Erasini</span> <span class='ocrx_word' id='word_1_555' title='bbox 1483 5039 1626 5104; x_wconf 85' lang='lat' dir='ltr'>originem.</span> 
     </span>
    </p>
   </div>
   <div class='ocr_carea' id='block_1_4' title="bbox 1360 5121 1426 5183">
    <p class='ocr_par' dir='ltr' id='par_1_4' title="bbox 1360 5121 1426 5183">
     <span class='ocr_line' id='line_1_51' title="bbox 1360 5121 1426 5183; baseline 0.015 -1"><span class='ocrx_word' id='word_1_556' title='bbox 1360 5121 1426 5183; x_wconf 77' lang='lat' dir='ltr'>ab*</span> 
     </span>
    </p>
   </div>
   <div class='ocr_carea' id='block_1_5' title="bbox 0 0 1972 6034">
    <p class='ocr_par' dir='ltr' id='par_1_5' title="bbox 0 0 1972 6034">
     <span class='ocr_line' id='line_1_52' title="bbox 0 0 1972 6034; baseline 0 5"><span class='ocrx_word' id='word_1_557' title='bbox 0 0 1972 6034; x_wconf 95' lang='lat' dir='ltr'> </span> 
     </span>
    </p>
   </div>
  </div>
 </body>
</html>
