<?xml version="1.0" encoding="UTF-8"?>
<!DOCTYPE html PUBLIC "-//W3C//DTD XHTML 1.0 Transitional//EN"
    "http://www.w3.org/TR/xhtml1/DTD/xhtml1-transitional.dtd">
<html xmlns="http://www.w3.org/1999/xhtml" xml:lang="en" lang="en">
 <head>
  <title>
</title>
<meta http-equiv="Content-Type" content="text/html;charset=utf-8" />
  <meta name='ocr-system' content='tesseract 3.04.00' />
  <meta name='ocr-capabilities' content='ocr_page ocr_carea ocr_par ocr_line ocrx_word'/>
</head>
<body>
  <div class='ocr_page' id='page_1' title='image "./ulrichihuttenie11huttgoog_0350.png"; bbox 0 0 3934 6034; ppageno 0'>
   <div class='ocr_carea' id='block_1_1' title="bbox 542 702 1654 772">
    <p class='ocr_par' dir='ltr' id='par_1_1' title="bbox 542 702 1654 772">
     <span class='ocr_line' id='line_1_1' title="bbox 542 702 1654 772; baseline 0.003 -9"><span class='ocrx_word' id='word_1_1' title='bbox 542 714 741 766; x_wconf 82' lang='lat' dir='ltr'>cccxxxul.</span> <span class='ocrx_word' id='word_1_2' title='bbox 757 730 876 765; x_wconf 72' lang='lat' dir='ltr'><em>suonam</em></span> <span class='ocrx_word' id='word_1_3' title='bbox 889 730 993 765; x_wconf 71' lang='lat' dir='ltr'><em>sunum</em></span> <span class='ocrx_word' id='word_1_4' title='bbox 1006 730 1149 767; x_wconf 69' lang='lat' dir='ltr'><em>novennes</em></span> <span class='ocrx_word' id='word_1_5' title='bbox 1162 730 1335 765; x_wconf 77' lang='lat' dir='ltr'><em>eseuutuuns</em></span> <span class='ocrx_word' id='word_1_6' title='bbox 1349 731 1481 766; x_wconf 73' lang='lat' dir='ltr'><em>uerrunt.</em></span> <span class='ocrx_word' id='word_1_7' title='bbox 1580 702 1654 772; x_wconf 81' lang='grc'><em>295</em></span> 
     </span>
    </p>
   </div>
   <div class='ocr_carea' id='block_1_2' title="bbox 319 887 1720 4655">
    <p class='ocr_par' dir='ltr' id='par_1_2' title="bbox 319 887 1720 4655">
     <span class='ocr_line' id='line_1_2' title="bbox 364 887 1654 963; baseline 0.004 -18"><span class='ocrx_word' id='word_1_8' title='bbox 364 889 393 945; x_wconf 88' lang='lat' dir='ltr'><em>si</em></span> <span class='ocrx_word' id='word_1_9' title='bbox 416 887 544 946; x_wconf 80' lang='lat' dir='ltr'><em>scribam</em></span> <span class='ocrx_word' id='word_1_10' title='bbox 572 888 715 947; x_wconf 71' lang='lat' dir='ltr'><em>adrasus</em></span> <span class='ocrx_word' id='word_1_11' title='bbox 739 889 916 961; x_wconf 87' lang='lat' dir='ltr'><em>Lutherum,</em></span> <span class='ocrx_word' id='word_1_12' title='bbox 947 896 1035 963; x_wconf 77' lang='lat' dir='ltr'><em>eatque</em></span> <span class='ocrx_word' id='word_1_13' title='bbox 1061 889 1119 947; x_wconf 88' lang='lat' dir='ltr'><em>huc</em></span> <span class='ocrx_word' id='word_1_14' title='bbox 1141 904 1186 947; x_wconf 91' lang='lat' dir='ltr'><em>me</em></span> <span class='ocrx_word' id='word_1_15' title='bbox 1211 889 1356 948; x_wconf 89' lang='lat' dir='ltr'><em>hortatur.</em></span> <span class='ocrx_word' id='word_1_16' title='bbox 1398 888 1459 948; x_wconf 86' lang='lat' dir='ltr'><em>Cur</em></span> <span class='ocrx_word' id='word_1_17' title='bbox 1484 890 1576 962; x_wconf 81' lang='lat' dir='ltr'><em>ipitur</em></span> <span class='ocrx_word' id='word_1_18' title='bbox 1599 892 1654 951; x_wconf 87' lang='lat' dir='ltr'><em>hoc</em></span> 
     </span>
     <span class='ocr_line' id='line_1_3' title="bbox 364 986 1654 1065; baseline 0.004 -18"><span class='ocrx_word' id='word_1_19' title='bbox 364 997 498 1063; x_wconf 78' lang='lat' dir='ltr'><em>epenteru</em></span> <span class='ocrx_word' id='word_1_20' title='bbox 517 991 625 1049; x_wconf 78' lang='lat' dir='ltr'><em>tatibus</em></span> <span class='ocrx_word' id='word_1_21' title='bbox 639 994 768 1065; x_wconf 84' lang='lat' dir='ltr'><em>epistolis</em></span> <span class='ocrx_word' id='word_1_22' title='bbox 787 986 978 1065; x_wconf 77' lang='lat' dir='ltr'><em>interpellat?</em></span> <span class='ocrx_word' id='word_1_23' title='bbox 999 993 1253 1064; x_wconf 81' lang='lat' dir='ltr'><em>terpioersatorem</em></span> <span class='ocrx_word' id='word_1_24' title='bbox 1270 1008 1316 1051; x_wconf 92' lang='lat' dir='ltr'><em>me</em></span> <span class='ocrx_word' id='word_1_25' title='bbox 1334 998 1432 1062; x_wconf 86' lang='lat' dir='ltr'><em>uocat,</em></span> <span class='ocrx_word' id='word_1_26' title='bbox 1455 992 1535 1065; x_wconf 80' lang='lat' dir='ltr'><em>quoti</em></span> <span class='ocrx_word' id='word_1_27' title='bbox 1552 996 1654 1052; x_wconf 87' lang='lat' dir='ltr'><em>uarius</em></span> 
     </span>
     <span class='ocr_line' id='line_1_4' title="bbox 363 1094 1653 1168; baseline 0.002 -17"><span class='ocrx_word' id='word_1_28' title='bbox 363 1096 417 1151; x_wconf 91' lang='lat' dir='ltr'><em>sim</em></span> <span class='ocrx_word' id='word_1_29' title='bbox 433 1096 463 1151; x_wconf 89' lang='lat' dir='ltr'><em>in</em></span> <span class='ocrx_word' id='word_1_30' title='bbox 477 1096 622 1168; x_wconf 89' lang='lat' dir='ltr'><em>epistolis:</em></span> <span class='ocrx_word' id='word_1_31' title='bbox 643 1111 682 1151; x_wconf 88' lang='lat' dir='ltr'><em>an</em></span> <span class='ocrx_word' id='word_1_32' title='bbox 704 1111 749 1152; x_wconf 88' lang='lat' dir='ltr'><em>me</em></span> <span class='ocrx_word' id='word_1_33' title='bbox 768 1097 852 1153; x_wconf 85' lang='lat' dir='ltr'><em>nettet</em></span> <span class='ocrx_word' id='word_1_34' title='bbox 870 1094 974 1153; x_wconf 80' lang='lat' dir='ltr'><em>eadem</em></span> <span class='ocrx_word' id='word_1_35' title='bbox 996 1095 1040 1152; x_wconf 84' lang='lat' dir='ltr'><em>att</em></span> <span class='ocrx_word' id='word_1_36' title='bbox 1059 1110 1158 1152; x_wconf 86' lang='lat' dir='ltr'><em>omnes</em></span> <span class='ocrx_word' id='word_1_37' title='bbox 1179 1094 1322 1164; x_wconf 86' lang='lat' dir='ltr'><em>scrihere,</em></span> <span class='ocrx_word' id='word_1_38' title='bbox 1345 1096 1423 1152; x_wconf 81' lang='lat' dir='ltr'><em>vetut</em></span> <span class='ocrx_word' id='word_1_39' title='bbox 1440 1094 1564 1153; x_wconf 82' lang='lat' dir='ltr'><em>cundem</em></span> <span class='ocrx_word' id='word_1_40' title='bbox 1584 1100 1653 1154; x_wconf 87' lang='lat' dir='ltr'><em>cat-</em></span> 
     </span>
     <span class='ocr_line' id='line_1_5' title="bbox 363 1196 1650 1272; baseline 0.002 -18"><span class='ocrx_word' id='word_1_41' title='bbox 363 1213 445 1255; x_wconf 88' lang='lat' dir='ltr'><em>ceum</em></span> <span class='ocrx_word' id='word_1_42' title='bbox 473 1198 566 1254; x_wconf 83' lang='lat' dir='ltr'><em>cuiuis</em></span> <span class='ocrx_word' id='word_1_43' title='bbox 586 1196 662 1270; x_wconf 81' lang='lat' dir='ltr'><em>pecti</em></span> <span class='ocrx_word' id='word_1_44' title='bbox 689 1198 860 1269; x_wconf 74' lang='lat' dir='ltr'><em>edocentem,</em></span> <span class='ocrx_word' id='word_1_45' title='bbox 892 1200 1061 1271; x_wconf 84' lang='lat' dir='ltr'><em>prasertim</em></span> <span class='ocrx_word' id='word_1_46' title='bbox 1083 1213 1171 1272; x_wconf 86' lang='lat' dir='ltr'><em>quarn</em></span> <span class='ocrx_word' id='word_1_47' title='bbox 1193 1197 1237 1255; x_wconf 83' lang='lat' dir='ltr'><em>ott</em></span> <span class='ocrx_word' id='word_1_48' title='bbox 1252 1212 1451 1271; x_wconf 88' lang='lat' dir='ltr'><em>personarum</em></span> <span class='ocrx_word' id='word_1_49' title='bbox 1480 1199 1650 1257; x_wconf 90' lang='lat' dir='ltr'><em>uarietatem</em></span> 
     </span>
     <span class='ocr_line' id='line_1_6' title="bbox 344 1296 1720 1375; baseline 0.007 -24"><span class='ocrx_word' id='word_1_50' title='bbox 344 1298 492 1357; x_wconf 78' lang='lat' dir='ltr'><em>succedat</em></span> <span class='ocrx_word' id='word_1_51' title='bbox 507 1305 536 1357; x_wconf 93' lang='lat' dir='ltr'><em>et</em></span> <span class='ocrx_word' id='word_1_52' title='bbox 552 1315 653 1357; x_wconf 81' lang='lat' dir='ltr'><em>rerum</em></span> <span class='ocrx_word' id='word_1_53' title='bbox 667 1307 696 1358; x_wconf 91' lang='lat' dir='ltr'><em>et</em></span> <span class='ocrx_word' id='word_1_54' title='bbox 713 1306 874 1375; x_wconf 87' lang='lat' dir='ltr'><em>temporum</em></span> <span class='ocrx_word' id='word_1_55' title='bbox 893 1296 1069 1359; x_wconf 77' lang='lat' dir='ltr'><em>diuersitas?</em></span> <span class='ocrx_word' id='word_1_56' title='bbox 1091 1300 1129 1358; x_wconf 92' lang='lat' dir='ltr'><em>tn</em></span> <span class='ocrx_word' id='word_1_57' title='bbox 1146 1303 1200 1359; x_wconf 90' lang='lat' dir='ltr'><em>tati</em></span> <span class='ocrx_word' id='word_1_58' title='bbox 1217 1316 1286 1359; x_wconf 87' lang='lat' dir='ltr'><em>uero</em></span> <span class='ocrx_word' id='word_1_59' title='bbox 1305 1300 1441 1371; x_wconf 81' lang='lat' dir='ltr'><em>dissidio,</em></span> <span class='ocrx_word' id='word_1_60' title='bbox 1465 1302 1571 1358; x_wconf 84' lang='lat' dir='ltr'><em>intem</em></span> <span class='ocrx_word' id='word_1_61' title='bbox 1589 1302 1640 1360; x_wconf 84' lang='lat' dir='ltr'><em>eti-</em></span> <span class='ocrx_word' id='word_1_62' title='bbox 1652 1314 1720 1363; x_wconf 76' lang='lat' dir='ltr'><em>suot.</em></span> 
     </span>
     <span class='ocr_line' id='line_1_7' title="bbox 364 1398 1651 1477; baseline 0.002 -19"><span class='ocrx_word' id='word_1_63' title='bbox 364 1403 455 1459; x_wconf 80' lang='lat' dir='ltr'><em>uersis</em></span> <span class='ocrx_word' id='word_1_64' title='bbox 475 1401 579 1459; x_wconf 82' lang='lat' dir='ltr'><em>studiis</em></span> <span class='ocrx_word' id='word_1_65' title='bbox 600 1404 652 1475; x_wconf 83' lang='lat' dir='ltr'><em>qui</em></span> <span class='ocrx_word' id='word_1_66' title='bbox 672 1405 762 1460; x_wconf 87' lang='lat' dir='ltr'><em>uitari</em></span> <span class='ocrx_word' id='word_1_67' title='bbox 778 1409 872 1477; x_wconf 92' lang='lat' dir='ltr'><em>potest</em></span> <span class='ocrx_word' id='word_1_68' title='bbox 892 1405 962 1475; x_wconf 80' lang='lat' dir='ltr'><em>pitin</em></span> <span class='ocrx_word' id='word_1_69' title='bbox 982 1402 1097 1476; x_wconf 79' lang='lat' dir='ltr'><em>otrtique</em></span> <span class='ocrx_word' id='word_1_70' title='bbox 1116 1404 1231 1462; x_wconf 76' lang='lat' dir='ltr'><strong><em>scribas</em></strong></span> <span class='ocrx_word' id='word_1_71' title='bbox 1254 1398 1415 1476; x_wconf 69' lang='lat' dir='ltr'><em>quanam?</em></span> <span class='ocrx_word' id='word_1_72' title='bbox 1447 1402 1531 1461; x_wconf 82' lang='lat' dir='ltr'><em>Dicet</em></span> <span class='ocrx_word' id='word_1_73' title='bbox 1555 1412 1651 1477; x_wconf 76' lang='lat' dir='ltr'><em>pree-</em></span> 
     </span>
     <span class='ocr_line' id='line_1_8' title="bbox 362 1501 1650 1579; baseline 0.002 -17"><span class='ocrx_word' id='word_1_74' title='bbox 362 1507 477 1562; x_wconf 90' lang='lat' dir='ltr'><em>stiterat</em></span> <span class='ocrx_word' id='word_1_75' title='bbox 494 1501 611 1563; x_wconf 89' lang='lat' dir='ltr'><em>tacere’.</em></span> <span class='ocrx_word' id='word_1_76' title='bbox 660 1504 778 1562; x_wconf 82' lang='lat' dir='ltr'><em>Utinam</em></span> <span class='ocrx_word' id='word_1_77' title='bbox 800 1506 895 1564; x_wconf 75' lang='lat' dir='ltr'><em>isthec</em></span> <span class='ocrx_word' id='word_1_78' title='bbox 915 1505 988 1563; x_wconf 85' lang='lat' dir='ltr'><em>mihi</em></span> <span class='ocrx_word' id='word_1_79' title='bbox 1007 1507 1114 1573; x_wconf 83' lang='lat' dir='ltr'><em>liceat;</em></span> <span class='ocrx_word' id='word_1_80' title='bbox 1144 1506 1199 1564; x_wconf 82' lang='lat' dir='ltr'><em>sed</em></span> <span class='ocrx_word' id='word_1_81' title='bbox 1213 1521 1351 1579; x_wconf 84' lang='lat' dir='ltr'><em>premor,</em></span> <span class='ocrx_word' id='word_1_82' title='bbox 1381 1520 1503 1577; x_wconf 83' lang='lat' dir='ltr'><em>urpeor‚</em></span> <span class='ocrx_word' id='word_1_83' title='bbox 1532 1505 1650 1577; x_wconf 86' lang='lat' dir='ltr'><em>obruor,</em></span> 
     </span>
     <span class='ocr_line' id='line_1_9' title="bbox 364 1607 1649 1683; baseline 0.002 -20"><span class='ocrx_word' id='word_1_84' title='bbox 364 1614 395 1664; x_wconf 93' lang='lat' dir='ltr'><em>ut</em></span> <span class='ocrx_word' id='word_1_85' title='bbox 415 1623 532 1665; x_wconf 86' lang='lat' dir='ltr'><em>necesse</em></span> <span class='ocrx_word' id='word_1_86' title='bbox 548 1609 587 1665; x_wconf 89' lang='lat' dir='ltr'><em>sit</em></span> <span class='ocrx_word' id='word_1_87' title='bbox 608 1624 627 1665; x_wconf 90' lang='lat' dir='ltr'><em>a</em></span> <span class='ocrx_word' id='word_1_88' title='bbox 648 1623 694 1666; x_wconf 92' lang='lat' dir='ltr'><em>me</em></span> <span class='ocrx_word' id='word_1_89' title='bbox 722 1607 871 1683; x_wconf 77' lang='lat' dir='ltr'><em>depellere</em></span> <span class='ocrx_word' id='word_1_90' title='bbox 898 1608 1049 1665; x_wconf 81' lang='lat' dir='ltr'><em>inuidiam.</em></span> <span class='ocrx_word' id='word_1_91' title='bbox 1095 1609 1206 1667; x_wconf 81' lang='lat' dir='ltr'><em>Paulus</em></span> <span class='ocrx_word' id='word_1_92' title='bbox 1233 1610 1343 1681; x_wconf 79' lang='lat' dir='ltr'><em>ateoties</em></span> <span class='ocrx_word' id='word_1_93' title='bbox 1370 1614 1463 1665; x_wconf 90' lang='lat' dir='ltr'><em>mutat</em></span> <span class='ocrx_word' id='word_1_94' title='bbox 1489 1610 1649 1666; x_wconf 89' lang='lat' dir='ltr'><em>orationem</em></span> 
     </span>
     <span class='ocr_line' id='line_1_10' title="bbox 363 1711 1648 1782; baseline 0.001 -16"><span class='ocrx_word' id='word_1_95' title='bbox 363 1726 462 1778; x_wconf 82' lang='lat' dir='ltr'><em>sitam,</em></span> <span class='ocrx_word' id='word_1_96' title='bbox 485 1727 564 1769; x_wconf 91' lang='lat' dir='ltr'><em>nunc</em></span> <span class='ocrx_word' id='word_1_97' title='bbox 587 1711 755 1780; x_wconf 84' lang='lat' dir='ltr'><em>htarutiens,</em></span> <span class='ocrx_word' id='word_1_98' title='bbox 784 1727 864 1768; x_wconf 86' lang='lat' dir='ltr'><em>nnnc</em></span> <span class='ocrx_word' id='word_1_99' title='bbox 885 1711 1060 1782; x_wconf 83' lang='lat' dir='ltr'><em>ohiurpans,</em></span> <span class='ocrx_word' id='word_1_100' title='bbox 1096 1727 1175 1769; x_wconf 80' lang='lat' dir='ltr'><em>neme</em></span> <span class='ocrx_word' id='word_1_101' title='bbox 1194 1711 1366 1781; x_wconf 82' lang='lat' dir='ltr'><em>obsecrans,</em></span> <span class='ocrx_word' id='word_1_102' title='bbox 1402 1726 1481 1768; x_wconf 88' lang='lat' dir='ltr'><em>nunc</em></span> <span class='ocrx_word' id='word_1_103' title='bbox 1501 1712 1648 1782; x_wconf 85' lang='lat' dir='ltr'><em>minitans,</em></span> 
     </span>
     <span class='ocr_line' id='line_1_11' title="bbox 330 1809 1651 1886; baseline 0.001 -17"><span class='ocrx_word' id='word_1_104' title='bbox 330 1814 458 1869; x_wconf 89' lang='lat' dir='ltr'><em>10multo</em></span> <span class='ocrx_word' id='word_1_105' title='bbox 480 1809 689 1872; x_wconf 77' lang='lat' dir='ltr'><em>dissimulans?</em></span> <span class='ocrx_word' id='word_1_106' title='bbox 721 1829 778 1871; x_wconf 89' lang='lat' dir='ltr'><em>non</em></span> <span class='ocrx_word' id='word_1_107' title='bbox 806 1815 836 1871; x_wconf 88' lang='lat' dir='ltr'><em>in</em></span> <span class='ocrx_word' id='word_1_108' title='bbox 866 1813 921 1870; x_wconf 89' lang='lat' dir='ltr'><em>hoc</em></span> <span class='ocrx_word' id='word_1_109' title='bbox 946 1820 990 1871; x_wconf 90' lang='lat' dir='ltr'><em>est</em></span> <span class='ocrx_word' id='word_1_110' title='bbox 1014 1815 1226 1884; x_wconf 75' lang='lat' dir='ltr'><em>inconstantia,</em></span> <span class='ocrx_word' id='word_1_111' title='bbox 1258 1814 1312 1871; x_wconf 83' lang='lat' dir='ltr'><em>sert</em></span> <span class='ocrx_word' id='word_1_112' title='bbox 1340 1815 1370 1871; x_wconf 90' lang='lat' dir='ltr'><em>in</em></span> <span class='ocrx_word' id='word_1_113' title='bbox 1401 1827 1489 1885; x_wconf 89' lang='lat' dir='ltr'><em>scopo</em></span> <span class='ocrx_word' id='word_1_114' title='bbox 1521 1814 1574 1886; x_wconf 80' lang='lat' dir='ltr'><em>qni</em></span> <span class='ocrx_word' id='word_1_115' title='bbox 1605 1814 1651 1871; x_wconf 89' lang='lat' dir='ltr'><em>itti</em></span> 
     </span>
     <span class='ocr_line' id='line_1_12' title="bbox 363 1914 1717 1989; baseline -0.001 -17"><span class='ocrx_word' id='word_1_116' title='bbox 363 1931 479 1989; x_wconf 89' lang='lat' dir='ltr'><em>semper</em></span> <span class='ocrx_word' id='word_1_117' title='bbox 511 1916 588 1973; x_wconf 84' lang='lat' dir='ltr'><em>ietem</em></span> <span class='ocrx_word' id='word_1_118' title='bbox 618 1922 673 1986; x_wconf 82' lang='lat' dir='ltr'><em>est,</em></span> <span class='ocrx_word' id='word_1_119' title='bbox 712 1922 860 1989; x_wconf 78' lang='lat' dir='ltr'><em>atcunque</em></span> <span class='ocrx_word' id='word_1_120' title='bbox 891 1922 984 1974; x_wconf 78' lang='lat' dir='ltr'><em>mittat</em></span> <span class='ocrx_word' id='word_1_121' title='bbox 1013 1932 1109 1973; x_wconf 72' lang='lat' dir='ltr'><em>ctorem</em></span> <span class='ocrx_word' id='word_1_122' title='bbox 1149 1922 1203 1972; x_wconf 88' lang='lat' dir='ltr'><em>aut</em></span> <span class='ocrx_word' id='word_1_123' title='bbox 1233 1917 1350 1973; x_wconf 85' lang='lat' dir='ltr'><em>uultum.</em></span> <span class='ocrx_word' id='word_1_124' title='bbox 1406 1914 1519 1973; x_wconf 87' lang='lat' dir='ltr'><em>Doceat</em></span> <span class='ocrx_word' id='word_1_125' title='bbox 1552 1917 1636 1988; x_wconf 86' lang='lat' dir='ltr'><em>quis·</em></span> <span class='ocrx_word' id='word_1_126' title='bbox 1649 1926 1717 1975; x_wconf 72' lang='lat' dir='ltr'><em>§.eon</em></span> 
     </span>
     <span class='ocr_line' id='line_1_13' title="bbox 363 2004 1650 2092; baseline 0.002 -18"><span class='ocrx_word' id='word_1_127' title='bbox 363 2033 451 2090; x_wconf 79' lang='lat' dir='ltr'><em>qnam</em></span> <span class='ocrx_word' id='word_1_128' title='bbox 478 2033 524 2074; x_wconf 91' lang='lat' dir='ltr'><em>me</em></span> <span class='ocrx_word' id='word_1_129' title='bbox 551 2025 677 2092; x_wconf 84' lang='lat' dir='ltr'><em>mutasse</em></span> <span class='ocrx_word' id='word_1_130' title='bbox 703 2020 877 2089; x_wconf 88' lang='lat' dir='ltr'><em>institutum,</em></span> <span class='ocrx_word' id='word_1_131' title='bbox 909 2024 938 2076; x_wconf 91' lang='lat' dir='ltr'><em>et</em></span> <span class='ocrx_word' id='word_1_132' title='bbox 963 2018 1082 2076; x_wconf 80' lang='lat' dir='ltr'><em>obiiciat</em></span> <span class='ocrx_word' id='word_1_133' title='bbox 1106 2004 1348 2076; x_wconf 83' lang='lat' dir='ltr'><em>inconstantiam:</em></span> <span class='ocrx_word' id='word_1_134' title='bbox 1381 2033 1479 2075; x_wconf 84' lang='lat' dir='ltr'><em>nerum</em></span> <span class='ocrx_word' id='word_1_135' title='bbox 1508 2020 1574 2092; x_wconf 89' lang='lat' dir='ltr'><em>ipsa</em></span> <span class='ocrx_word' id='word_1_136' title='bbox 1601 2035 1650 2076; x_wconf 87' lang='lat' dir='ltr'><em>res</em></span> 
     </span>
     <span class='ocr_line' id='line_1_14' title="bbox 362 2120 1648 2195; baseline 0.001 -18"><span class='ocrx_word' id='word_1_137' title='bbox 362 2121 477 2177; x_wconf 80' lang='lat' dir='ltr'><em>iudicat</em></span> <span class='ocrx_word' id='word_1_138' title='bbox 503 2136 548 2177; x_wconf 89' lang='lat' dir='ltr'><em>rue</em></span> <span class='ocrx_word' id='word_1_139' title='bbox 568 2127 712 2194; x_wconf 90' lang='lat' dir='ltr'><em>perpetuo</em></span> <span class='ocrx_word' id='word_1_140' title='bbox 743 2120 798 2180; x_wconf 84' lang='lat' dir='ltr'><em>hoo</em></span> <span class='ocrx_word' id='word_1_141' title='bbox 821 2137 912 2193; x_wconf 80' lang='lat' dir='ltr'><em>apere</em></span> <span class='ocrx_word' id='word_1_142' title='bbox 941 2120 1021 2194; x_wconf 81' lang='lat' dir='ltr'><em>quoti</em></span> <span class='ocrx_word' id='word_1_143' title='bbox 1048 2122 1116 2178; x_wconf 87' lang='lat' dir='ltr'><em>otim</em></span> <span class='ocrx_word' id='word_1_144' title='bbox 1146 2122 1274 2178; x_wconf 91' lang='lat' dir='ltr'><em>institui:</em></span> <span class='ocrx_word' id='word_1_145' title='bbox 1300 2121 1432 2195; x_wconf 82' lang='lat' dir='ltr'><em>proveho</em></span> <span class='ocrx_word' id='word_1_146' title='bbox 1460 2120 1552 2179; x_wconf 87' lang='lat' dir='ltr'><em>honos</em></span> <span class='ocrx_word' id='word_1_147' title='bbox 1580 2122 1648 2179; x_wconf 88' lang='lat' dir='ltr'><em>tite-</em></span> 
     </span>
     <span class='ocr_line' id='line_1_15' title="bbox 362 2222 1648 2297; baseline 0 -18"><span class='ocrx_word' id='word_1_148' title='bbox 362 2239 427 2293; x_wconf 90' lang='lat' dir='ltr'><em>ras‚</em></span> <span class='ocrx_word' id='word_1_149' title='bbox 461 2239 498 2280; x_wconf 92' lang='lat' dir='ltr'><em>nc</em></span> <span class='ocrx_word' id='word_1_150' title='bbox 528 2225 726 2296; x_wconf 74' lang='lat' dir='ltr'><em>sisneeriorem</em></span> <span class='ocrx_word' id='word_1_151' title='bbox 759 2230 788 2281; x_wconf 90' lang='lat' dir='ltr'><em>et</em></span> <span class='ocrx_word' id='word_1_152' title='bbox 819 2224 1025 2297; x_wconf 81' lang='lat' dir='ltr'><em>simpliciorem</em></span> <span class='ocrx_word' id='word_1_153' title='bbox 1053 2225 1136 2281; x_wconf 87' lang='lat' dir='ltr'><em>ittam</em></span> <span class='ocrx_word' id='word_1_154' title='bbox 1166 2223 1339 2296; x_wconf 72' lang='lat' dir='ltr'><em>theotoniam</em></span> <span class='ocrx_word' id='word_1_155' title='bbox 1368 2239 1429 2296; x_wconf 88' lang='lat' dir='ltr'><em>pro</em></span> <span class='ocrx_word' id='word_1_156' title='bbox 1459 2222 1570 2280; x_wconf 86' lang='lat' dir='ltr'><em>uirihns</em></span> <span class='ocrx_word' id='word_1_157' title='bbox 1598 2228 1648 2279; x_wconf 88' lang='lat' dir='ltr'><em>in-</em></span> 
     </span>
     <span class='ocr_line' id='line_1_16' title="bbox 328 2323 1646 2399; baseline 0.001 -18"><span class='ocrx_word' id='word_1_158' title='bbox 328 2331 477 2396; x_wconf 69' lang='lat' dir='ltr'><em>ustuire,</em></span> <span class='ocrx_word' id='word_1_159' title='bbox 511 2325 599 2398; x_wconf 78' lang='lat' dir='ltr'><em>taque</em></span> <span class='ocrx_word' id='word_1_160' title='bbox 626 2327 726 2399; x_wconf 79' lang='lat' dir='ltr'><em>peeoatt</em></span> <span class='ocrx_word' id='word_1_161' title='bbox 752 2328 846 2385; x_wconf 70' lang='lat' dir='ltr'><em>tritium</em></span> <span class='ocrx_word' id='word_1_162' title='bbox 870 2326 1012 2398; x_wconf 80' lang='lat' dir='ltr'><em>facturus</em></span> <span class='ocrx_word' id='word_1_163' title='bbox 1039 2342 1117 2397; x_wconf 84' lang='lat' dir='ltr'><em>stem,</em></span> <span class='ocrx_word' id='word_1_164' title='bbox 1143 2328 1203 2383; x_wconf 85' lang='lat' dir='ltr'><em>sine</em></span> <span class='ocrx_word' id='word_1_165' title='bbox 1230 2327 1325 2383; x_wconf 87' lang='lat' dir='ltr'><em>amieo</em></span> <span class='ocrx_word' id='word_1_166' title='bbox 1351 2328 1411 2383; x_wconf 89' lang='lat' dir='ltr'><em>sine</em></span> <span class='ocrx_word' id='word_1_167' title='bbox 1438 2327 1556 2383; x_wconf 88' lang='lat' dir='ltr'><em>inimico</em></span> <span class='ocrx_word' id='word_1_168' title='bbox 1582 2323 1646 2382; x_wconf 86' lang='lat' dir='ltr'><em>Ln-</em></span> 
     </span>
     <span class='ocr_line' id='line_1_17' title="bbox 360 2426 1646 2503; baseline 0 -17"><span class='ocrx_word' id='word_1_169' title='bbox 360 2429 456 2498; x_wconf 87' lang='lat' dir='ltr'><em>thero,</em></span> <span class='ocrx_word' id='word_1_170' title='bbox 481 2442 565 2500; x_wconf 81' lang='lat' dir='ltr'><em>quem</em></span> <span class='ocrx_word' id='word_1_171' title='bbox 589 2443 643 2500; x_wconf 83' lang='lat' dir='ltr'><em>epo</em></span> <span class='ocrx_word' id='word_1_172' title='bbox 660 2443 719 2502; x_wconf 83' lang='lat' dir='ltr'><em>pro</em></span> <span class='ocrx_word' id='word_1_173' title='bbox 740 2428 856 2487; x_wconf 87' lang='lat' dir='ltr'><em>homine</em></span> <span class='ocrx_word' id='word_1_174' title='bbox 876 2427 969 2486; x_wconf 88' lang='lat' dir='ltr'><em>haheo</em></span> <span class='ocrx_word' id='word_1_175' title='bbox 989 2436 1018 2486; x_wconf 91' lang='lat' dir='ltr'><em>et</em></span> <span class='ocrx_word' id='word_1_176' title='bbox 1038 2435 1113 2501; x_wconf 87' lang='lat' dir='ltr'><em>puto</em></span> <span class='ocrx_word' id='word_1_177' title='bbox 1130 2428 1206 2500; x_wconf 79' lang='lat' dir='ltr'><em>fatti</em></span> <span class='ocrx_word' id='word_1_178' title='bbox 1223 2444 1309 2503; x_wconf 88' lang='lat' dir='ltr'><em>posse</em></span> <span class='ocrx_word' id='word_1_179' title='bbox 1329 2433 1358 2486; x_wconf 93' lang='lat' dir='ltr'><em>et</em></span> <span class='ocrx_word' id='word_1_180' title='bbox 1375 2426 1504 2499; x_wconf 81' lang='lat' dir='ltr'><em>saltere:</em></span> <span class='ocrx_word' id='word_1_181' title='bbox 1533 2427 1646 2487; x_wconf 87' lang='lat' dir='ltr'><em>Luthe-</em></span> 
     </span>
     <span class='ocr_line' id='line_1_18' title="bbox 360 2528 1714 2601; baseline -0.001 -14"><span class='ocrx_word' id='word_1_182' title='bbox 360 2545 499 2588; x_wconf 87' lang='lat' dir='ltr'><em>ruscum</em></span> <span class='ocrx_word' id='word_1_183' title='bbox 521 2532 637 2588; x_wconf 88' lang='lat' dir='ltr'><em>ceeteris</em></span> <span class='ocrx_word' id='word_1_184' title='bbox 656 2531 800 2601; x_wconf 80' lang='lat' dir='ltr'><em>transibit,</em></span> <span class='ocrx_word' id='word_1_185' title='bbox 823 2530 954 2588; x_wconf 81' lang='lat' dir='ltr'><em>Christus</em></span> <span class='ocrx_word' id='word_1_186' title='bbox 982 2537 1082 2588; x_wconf 89' lang='lat' dir='ltr'><em>monet</em></span> <span class='ocrx_word' id='word_1_187' title='bbox 1102 2533 1131 2588; x_wconf 89' lang='lat' dir='ltr'><em>in</em></span> <span class='ocrx_word' id='word_1_188' title='bbox 1155 2538 1306 2590; x_wconf 82' lang='lat' dir='ltr'><em>aternum.</em></span> <span class='ocrx_word' id='word_1_189' title='bbox 1359 2529 1470 2601; x_wconf 76' lang='lat' dir='ltr'><em>Quodsi</em></span> <span class='ocrx_word' id='word_1_190' title='bbox 1488 2528 1636 2588; x_wconf 85' lang='lat' dir='ltr'><em>Lutherus</em></span> <span class='ocrx_word' id='word_1_191' title='bbox 1648 2536 1714 2585; x_wconf 68' lang='lat' dir='ltr'><em>§.hot</em></span> 
     </span>
     <span class='ocr_line' id='line_1_19' title="bbox 359 2632 1647 2716; baseline -0.002 -25"><span class='ocrx_word' id='word_1_192' title='bbox 359 2636 466 2716; x_wconf 85' lang='lat' dir='ltr'><em>spiritu¹</em></span> <span class='ocrx_word' id='word_1_193' title='bbox 490 2633 600 2691; x_wconf 75' lang='lat' dir='ltr'><em>Christi</em></span> <span class='ocrx_word' id='word_1_194' title='bbox 625 2633 758 2705; x_wconf 77' lang='lat' dir='ltr'><em>deicitur,</em></span> <span class='ocrx_word' id='word_1_195' title='bbox 783 2648 894 2707; x_wconf 76' lang='lat' dir='ltr'><em>perecor</em></span> <span class='ocrx_word' id='word_1_196' title='bbox 922 2638 956 2692; x_wconf 90' lang='lat' dir='ltr'><em>ut</em></span> <span class='ocrx_word' id='word_1_197' title='bbox 978 2632 1110 2691; x_wconf 82' lang='lat' dir='ltr'><em>Christus</em></span> <span class='ocrx_word' id='word_1_198' title='bbox 1136 2632 1207 2691; x_wconf 87' lang='lat' dir='ltr'><em>hene</em></span> <span class='ocrx_word' id='word_1_199' title='bbox 1232 2633 1367 2705; x_wconf 73' lang='lat' dir='ltr'><em>tortunet</em></span> <span class='ocrx_word' id='word_1_200' title='bbox 1387 2633 1467 2706; x_wconf 82' lang='lat' dir='ltr'><em>quod</em></span> <span class='ocrx_word' id='word_1_201' title='bbox 1494 2634 1571 2704; x_wconf 81' lang='lat' dir='ltr'><em>epit,</em></span> <span class='ocrx_word' id='word_1_202' title='bbox 1601 2634 1647 2690; x_wconf 91' lang='lat' dir='ltr'><em>sin</em></span> 
     </span>
     <span class='ocr_line' id='line_1_20' title="bbox 359 2734 1647 2810; baseline 0.001 -17"><span class='ocrx_word' id='word_1_203' title='bbox 359 2738 469 2807; x_wconf 76' lang='lat' dir='ltr'><em>mireris,</em></span> <span class='ocrx_word' id='word_1_204' title='bbox 491 2738 610 2794; x_wconf 88' lang='lat' dir='ltr'><em>miseret</em></span> <span class='ocrx_word' id='word_1_205' title='bbox 628 2750 673 2793; x_wconf 89' lang='lat' dir='ltr'><em>mc</em></span> <span class='ocrx_word' id='word_1_206' title='bbox 694 2736 823 2809; x_wconf 79' lang='lat' dir='ltr'><em>publica</em></span> <span class='ocrx_word' id='word_1_207' title='bbox 837 2734 1025 2794; x_wconf 80' lang='lat' dir='ltr'><em>calamitatis.</em></span> <span class='ocrx_word' id='word_1_208' title='bbox 1071 2734 1232 2807; x_wconf 75' lang='lat' dir='ltr'><em>Mapnifice</em></span> <span class='ocrx_word' id='word_1_209' title='bbox 1247 2753 1315 2795; x_wconf 87' lang='lat' dir='ltr'><em>nero</em></span> <span class='ocrx_word' id='word_1_210' title='bbox 1331 2737 1368 2794; x_wconf 83' lang='lat' dir='ltr'><em>de</em></span> <span class='ocrx_word' id='word_1_211' title='bbox 1382 2738 1534 2810; x_wconf 82' lang='lat' dir='ltr'><em>utriusque</em></span> <span class='ocrx_word' id='word_1_212' title='bbox 1549 2737 1647 2794; x_wconf 87' lang='lat' dir='ltr'><em>animo</em></span> 
     </span>
     <span class='ocr_line' id='line_1_21' title="bbox 322 2838 1646 2913; baseline -0.002 -17"><span class='ocrx_word' id='word_1_213' title='bbox 322 2846 349 2886; x_wconf 87' lang='lat'><em>²⁰</em></span> <span class='ocrx_word' id='word_1_214' title='bbox 354 2840 539 2913; x_wconf 88' lang='lat' dir='ltr'><em>pronunciat</em></span> <span class='ocrx_word' id='word_1_215' title='bbox 558 2838 720 2898; x_wconf 87' lang='lat' dir='ltr'><em>Hnttenus:</em></span> <span class='ocrx_word' id='word_1_216' title='bbox 747 2841 792 2897; x_wconf 81' lang='lat' dir='ltr'><em>etit</em></span> <span class='ocrx_word' id='word_1_217' title='bbox 812 2855 857 2897; x_wconf 94' lang='lat' dir='ltr'><em>me</em></span> <span class='ocrx_word' id='word_1_218' title='bbox 877 2838 1006 2897; x_wconf 69' lang='lat' dir='ltr'><em>luthero</em></span> <span class='ocrx_word' id='word_1_219' title='bbox 1026 2854 1066 2895; x_wconf 81' lang='lat' dir='ltr'><em>ex</em></span> <span class='ocrx_word' id='word_1_220' title='bbox 1085 2841 1183 2896; x_wconf 76' lang='lat' dir='ltr'><em>antimo</em></span> <span class='ocrx_word' id='word_1_221' title='bbox 1205 2839 1328 2897; x_wconf 87' lang='lat' dir='ltr'><em>charum</em></span> <span class='ocrx_word' id='word_1_222' title='bbox 1350 2854 1427 2909; x_wconf 89' lang='lat' dir='ltr'><em>esse,</em></span> <span class='ocrx_word' id='word_1_223' title='bbox 1455 2853 1521 2895; x_wconf 76' lang='lat' dir='ltr'><em>erem</em></span> <span class='ocrx_word' id='word_1_224' title='bbox 1541 2853 1595 2909; x_wconf 82' lang='lat' dir='ltr'><em>epo</em></span> <span class='ocrx_word' id='word_1_225' title='bbox 1616 2839 1646 2894; x_wconf 88' lang='lat' dir='ltr'><em>in</em></span> 
     </span>
     <span class='ocr_line' id='line_1_22' title="bbox 358 2940 1645 3014; baseline -0.002 -15"><span class='ocrx_word' id='word_1_226' title='bbox 358 2944 440 2999; x_wconf 90' lang='lat' dir='ltr'><em>ittum</em></span> <span class='ocrx_word' id='word_1_227' title='bbox 458 2943 556 2998; x_wconf 89' lang='lat' dir='ltr'><em>animo</em></span> <span class='ocrx_word' id='word_1_228' title='bbox 576 2943 630 2999; x_wconf 91' lang='lat' dir='ltr'><em>sim</em></span> <span class='ocrx_word' id='word_1_229' title='bbox 651 2942 838 3014; x_wconf 84' lang='lat' dir='ltr'><em>iniquissimo.</em></span> <span class='ocrx_word' id='word_1_230' title='bbox 887 2940 910 3000; x_wconf 88' lang='lat'><em>0</em></span> <span class='ocrx_word' id='word_1_231' title='bbox 932 2957 977 2998; x_wconf 94' lang='lat' dir='ltr'><em>me</em></span> <span class='ocrx_word' id='word_1_232' title='bbox 995 2940 1138 2999; x_wconf 87' lang='lat' dir='ltr'><em>hominem</em></span> <span class='ocrx_word' id='word_1_233' title='bbox 1158 2943 1323 3014; x_wconf 79' lang='lat' dir='ltr'><em>inpratum,</em></span> <span class='ocrx_word' id='word_1_234' title='bbox 1346 2944 1397 3013; x_wconf 76' lang='lat' dir='ltr'><em>qui</em></span> <span class='ocrx_word' id='word_1_235' title='bbox 1416 2956 1473 2999; x_wconf 91' lang='lat' dir='ltr'><em>non</em></span> <span class='ocrx_word' id='word_1_236' title='bbox 1495 2940 1645 2997; x_wconf 76' lang='lat' dir='ltr'><em>reclamem</em></span> 
     </span>
     <span class='ocr_line' id='line_1_23' title="bbox 358 3039 1646 3117; baseline -0.002 -16"><span class='ocrx_word' id='word_1_237' title='bbox 358 3039 524 3101; x_wconf 80' lang='lat' dir='ltr'><em>amantem!</em></span> <span class='ocrx_word' id='word_1_238' title='bbox 546 3044 583 3101; x_wconf 85' lang='lat' dir='ltr'><em>ete</em></span> <span class='ocrx_word' id='word_1_239' title='bbox 605 3045 703 3101; x_wconf 89' lang='lat' dir='ltr'><em>animo</em></span> <span class='ocrx_word' id='word_1_240' title='bbox 719 3043 843 3101; x_wconf 79' lang='lat' dir='ltr'><em>lutheri</em></span> <span class='ocrx_word' id='word_1_241' title='bbox 862 3045 891 3100; x_wconf 94' lang='lat' dir='ltr'><em>in</em></span> <span class='ocrx_word' id='word_1_242' title='bbox 914 3059 959 3101; x_wconf 88' lang='lat' dir='ltr'><em>me</em></span> <span class='ocrx_word' id='word_1_243' title='bbox 980 3044 1054 3101; x_wconf 89' lang='lat' dir='ltr'><em>nihii</em></span> <span class='ocrx_word' id='word_1_244' title='bbox 1076 3043 1124 3101; x_wconf 88' lang='lat' dir='ltr'><em>hie</em></span> <span class='ocrx_word' id='word_1_245' title='bbox 1146 3043 1314 3117; x_wconf 72' lang='lat' dir='ltr'><em>disputatio,</em></span> <span class='ocrx_word' id='word_1_246' title='bbox 1337 3060 1391 3102; x_wconf 92' lang='lat' dir='ltr'><em>nec</em></span> <span class='ocrx_word' id='word_1_247' title='bbox 1411 3043 1558 3102; x_wconf 84' lang='lat' dir='ltr'><em>cetusahor</em></span> <span class='ocrx_word' id='word_1_248' title='bbox 1578 3044 1646 3116; x_wconf 91' lang='lat' dir='ltr'><em>epi-</em></span> 
     </span>
     <span class='ocr_line' id='line_1_24' title="bbox 357 3146 1646 3220; baseline -0.002 -15"><span class='ocrx_word' id='word_1_249' title='bbox 357 3150 446 3205; x_wconf 90' lang='lat' dir='ltr'><em>stotas</em></span> <span class='ocrx_word' id='word_1_250' title='bbox 468 3163 542 3218; x_wconf 87' lang='lat' dir='ltr'><em>quas</em></span> <span class='ocrx_word' id='word_1_251' title='bbox 560 3146 596 3203; x_wconf 84' lang='lat' dir='ltr'><em>tte</em></span> <span class='ocrx_word' id='word_1_252' title='bbox 618 3162 663 3203; x_wconf 90' lang='lat' dir='ltr'><em>me</em></span> <span class='ocrx_word' id='word_1_253' title='bbox 680 3148 799 3220; x_wconf 81' lang='lat' dir='ltr'><em>scripsit</em></span> <span class='ocrx_word' id='word_1_254' title='bbox 820 3147 880 3204; x_wconf 90' lang='lat' dir='ltr'><em>suis</em></span> <span class='ocrx_word' id='word_1_255' title='bbox 904 3148 1007 3204; x_wconf 90' lang='lat' dir='ltr'><em>amicis</em></span> <span class='ocrx_word' id='word_1_256' title='bbox 1028 3161 1085 3203; x_wconf 89' lang='lat' dir='ltr'><em>non</em></span> <span class='ocrx_word' id='word_1_257' title='bbox 1108 3146 1267 3205; x_wconf 80' lang='lat' dir='ltr'><em>admodum</em></span> <span class='ocrx_word' id='word_1_258' title='bbox 1283 3148 1391 3204; x_wconf 89' lang='lat' dir='ltr'><em>amice:</em></span> <span class='ocrx_word' id='word_1_259' title='bbox 1412 3148 1441 3204; x_wconf 91' lang='lat' dir='ltr'><em>iu</em></span> <span class='ocrx_word' id='word_1_260' title='bbox 1458 3147 1513 3204; x_wconf 89' lang='lat' dir='ltr'><em>toti</em></span> <span class='ocrx_word' id='word_1_261' title='bbox 1526 3147 1646 3217; x_wconf 77' lang='lat' dir='ltr'><em>nepocio</em></span> 
     </span>
     <span class='ocr_line' id='line_1_25' title="bbox 357 3247 1646 3322; baseline -0.002 -16"><span class='ocrx_word' id='word_1_262' title='bbox 357 3265 415 3306; x_wconf 88' lang='lat' dir='ltr'><em>non</em></span> <span class='ocrx_word' id='word_1_263' title='bbox 437 3258 479 3306; x_wconf 90' lang='lat' dir='ltr'><em>est</em></span> <span class='ocrx_word' id='word_1_264' title='bbox 499 3248 679 3321; x_wconf 81' lang='lat' dir='ltr'><em>spectandus</em></span> <span class='ocrx_word' id='word_1_265' title='bbox 694 3248 818 3321; x_wconf 77' lang='lat' dir='ltr'><em>affectus</em></span> <span class='ocrx_word' id='word_1_266' title='bbox 836 3250 987 3322; x_wconf 72' lang='lat' dir='ltr'><em>prin-atus,</em></span> <span class='ocrx_word' id='word_1_267' title='bbox 1010 3265 1103 3321; x_wconf 76' lang='lat' dir='ltr'><em>ineque</em></span> <span class='ocrx_word' id='word_1_268' title='bbox 1121 3247 1219 3320; x_wconf 82' lang='lat' dir='ltr'><em>refert</em></span> <span class='ocrx_word' id='word_1_269' title='bbox 1236 3265 1324 3321; x_wconf 80' lang='lat' dir='ltr'><em>petam</em></span> <span class='ocrx_word' id='word_1_270' title='bbox 1344 3250 1499 3307; x_wconf 80' lang='lat' dir='ltr'><em>contueniat</em></span> <span class='ocrx_word' id='word_1_271' title='bbox 1520 3247 1646 3305; x_wconf 85' lang='lat' dir='ltr'><em>Erasmo</em></span> 
     </span>
     <span class='ocr_line' id='line_1_26' title="bbox 320 3350 1643 3425; baseline -0.002 -14"><span class='ocrx_word' id='word_1_272' title='bbox 320 3361 423 3411; x_wconf 76' lang='lat' dir='ltr'><em>²⁵cum</em></span> <span class='ocrx_word' id='word_1_273' title='bbox 445 3351 588 3422; x_wconf 83' lang='lat' dir='ltr'><em>Luthero,</em></span> <span class='ocrx_word' id='word_1_274' title='bbox 616 3353 670 3409; x_wconf 77' lang='lat' dir='ltr'><em>sea</em></span> <span class='ocrx_word' id='word_1_275' title='bbox 696 3367 783 3424; x_wconf 79' lang='lat' dir='ltr'><em>quam</em></span> <span class='ocrx_word' id='word_1_276' title='bbox 806 3353 961 3409; x_wconf 85' lang='lat' dir='ltr'><em>conueniat</em></span> <span class='ocrx_word' id='word_1_277' title='bbox 984 3351 1156 3425; x_wconf 81' lang='lat' dir='ltr'><em>reipuhtieee</em></span> <span class='ocrx_word' id='word_1_278' title='bbox 1178 3350 1357 3410; x_wconf 72' lang='lat' dir='ltr'><em>Christianae</em></span> <span class='ocrx_word' id='word_1_279' title='bbox 1383 3367 1447 3409; x_wconf 88' lang='lat' dir='ltr'><em>curn</em></span> <span class='ocrx_word' id='word_1_280' title='bbox 1471 3352 1643 3423; x_wconf 77' lang='lat' dir='ltr'><em>enempetiea</em></span> 
     </span>
     <span class='ocr_line' id='line_1_27' title="bbox 357 3453 1713 3528; baseline -0.003 -15"><span class='ocrx_word' id='word_1_281' title='bbox 357 3455 502 3513; x_wconf 81' lang='lat' dir='ltr'><em>doctrina.</em></span> <span class='ocrx_word' id='word_1_282' title='bbox 546 3453 686 3523; x_wconf 73' lang='lat' dir='ltr'><em>*Quodsi</em></span> <span class='ocrx_word' id='word_1_283' title='bbox 711 3455 854 3512; x_wconf 90' lang='lat' dir='ltr'><em>rationem</em></span> <span class='ocrx_word' id='word_1_284' title='bbox 883 3454 1020 3512; x_wconf 88' lang='lat' dir='ltr'><em>haherem</em></span> <span class='ocrx_word' id='word_1_285' title='bbox 1050 3458 1235 3528; x_wconf 86' lang='lat' dir='ltr'><em>priuatorum</em></span> <span class='ocrx_word' id='word_1_286' title='bbox 1265 3453 1527 3525; x_wconf 81' lang='lat' dir='ltr'><em>incommodorum,</em></span> <span class='ocrx_word' id='word_1_287' title='bbox 1561 3454 1713 3511; x_wconf 72' lang='lat' dir='ltr'><em>uuutttseu.</em></span> 
     </span>
     <span class='ocr_line' id='line_1_28' title="bbox 357 3555 1645 3630; baseline -0.002 -16"><span class='ocrx_word' id='word_1_288' title='bbox 357 3559 452 3629; x_wconf 73' lang='lat' dir='ltr'><em>mauis</em></span> <span class='ocrx_word' id='word_1_289' title='bbox 474 3557 630 3629; x_wconf 81' lang='lat' dir='ltr'><em>inetipnari</em></span> <span class='ocrx_word' id='word_1_290' title='bbox 649 3556 786 3614; x_wconf 80' lang='lat' dir='ltr'><em>debebam</em></span> <span class='ocrx_word' id='word_1_291' title='bbox 809 3571 896 3628; x_wconf 78' lang='lat' dir='ltr'><em>aream</em></span> <span class='ocrx_word' id='word_1_292' title='bbox 918 3556 1047 3616; x_wconf 82' lang='lat' dir='ltr'><em>Lrethero</em></span> <span class='ocrx_word' id='word_1_293' title='bbox 1074 3560 1126 3630; x_wconf 82' lang='lat' dir='ltr'><em>put</em></span> <span class='ocrx_word' id='word_1_294' title='bbox 1151 3574 1196 3616; x_wconf 93' lang='lat' dir='ltr'><em>me</em></span> <span class='ocrx_word' id='word_1_295' title='bbox 1217 3573 1351 3629; x_wconf 81' lang='lat' dir='ltr'><em>meosque</em></span> <span class='ocrx_word' id='word_1_296' title='bbox 1371 3557 1461 3615; x_wconf 86' lang='lat' dir='ltr'><em>tihros</em></span> <span class='ocrx_word' id='word_1_297' title='bbox 1483 3562 1565 3613; x_wconf 89' lang='lat' dir='ltr'><em>tanta</em></span> <span class='ocrx_word' id='word_1_298' title='bbox 1588 3555 1645 3613; x_wconf 82' lang='lat' dir='ltr'><em>ete-</em></span> 
     </span>
     <span class='ocr_line' id='line_1_29' title="bbox 353 3658 1645 3733; baseline -0.001 -17"><span class='ocrx_word' id='word_1_299' title='bbox 353 3659 637 3732; x_wconf 67' lang='lat' dir='ltr'><em>pretorianorum,</em></span> <span class='ocrx_word' id='word_1_300' title='bbox 666 3660 772 3731; x_wconf 78' lang='lat' dir='ltr'><em>artique</em></span> <span class='ocrx_word' id='word_1_301' title='bbox 794 3659 867 3717; x_wconf 89' lang='lat' dir='ltr'><em>mihi</em></span> <span class='ocrx_word' id='word_1_302' title='bbox 884 3675 983 3717; x_wconf 91' lang='lat' dir='ltr'><em>omnes</em></span> <span class='ocrx_word' id='word_1_303' title='bbox 1002 3658 1101 3731; x_wconf 80' lang='lat' dir='ltr'><em>ferme</em></span> <span class='ocrx_word' id='word_1_304' title='bbox 1121 3662 1267 3718; x_wconf 88' lang='lat' dir='ltr'><em>amicitias</em></span> <span class='ocrx_word' id='word_1_305' title='bbox 1286 3662 1331 3717; x_wconf 88' lang='lat' dir='ltr'><em>oet</em></span> <span class='ocrx_word' id='word_1_306' title='bbox 1352 3659 1482 3733; x_wconf 77' lang='lat' dir='ltr'><em>disrupit</em></span> <span class='ocrx_word' id='word_1_307' title='bbox 1503 3660 1547 3716; x_wconf 85' lang='lat' dir='ltr'><em>aet</em></span> <span class='ocrx_word' id='word_1_308' title='bbox 1567 3660 1645 3716; x_wconf 84' lang='lat' dir='ltr'><em>ntato</em></span> 
     </span>
     <span class='ocr_line' id='line_1_30' title="bbox 354 3762 1645 3835; baseline -0.002 -14"><span class='ocrx_word' id='word_1_309' title='bbox 354 3762 501 3834; x_wconf 81' lang='lat' dir='ltr'><em>fermento</em></span> <span class='ocrx_word' id='word_1_310' title='bbox 524 3763 646 3831; x_wconf 83' lang='lat' dir='ltr'><em>uitiauit,</em></span> <span class='ocrx_word' id='word_1_311' title='bbox 674 3778 728 3819; x_wconf 90' lang='lat' dir='ltr'><em>nee</em></span> <span class='ocrx_word' id='word_1_312' title='bbox 755 3777 864 3834; x_wconf 89' lang='lat' dir='ltr'><em>parum</em></span> <span class='ocrx_word' id='word_1_313' title='bbox 888 3765 988 3821; x_wconf 91' lang='lat' dir='ltr'><em>attntit</em></span> <span class='ocrx_word' id='word_1_314' title='bbox 1008 3762 1183 3821; x_wconf 81' lang='lat' dir='ltr'><em>incommodi</em></span> <span class='ocrx_word' id='word_1_315' title='bbox 1203 3762 1284 3821; x_wconf 84' lang='lat' dir='ltr'><em>bonis</em></span> <span class='ocrx_word' id='word_1_316' title='bbox 1304 3763 1399 3821; x_wconf 88' lang='lat' dir='ltr'><em>literis</em></span> <span class='ocrx_word' id='word_1_317' title='bbox 1421 3778 1439 3819; x_wconf 87' lang='lat' dir='ltr'><em>a</em></span> <span class='ocrx_word' id='word_1_318' title='bbox 1462 3778 1507 3820; x_wconf 89' lang='lat' dir='ltr'><em>me</em></span> <span class='ocrx_word' id='word_1_319' title='bbox 1528 3777 1645 3835; x_wconf 90' lang='lat' dir='ltr'><em>semper</em></span> 
     </span>
     <span class='ocr_line' id='line_1_31' title="bbox 322 3864 1646 3938; baseline -0.003 -14"><span class='ocrx_word' id='word_1_320' title='bbox 322 3865 503 3938; x_wconf 69' lang='lat' dir='ltr'><em>inaestuas,</em></span> <span class='ocrx_word' id='word_1_321' title='bbox 529 3872 588 3923; x_wconf 90' lang='lat' dir='ltr'><em>tum</em></span> <span class='ocrx_word' id='word_1_322' title='bbox 612 3867 727 3922; x_wconf 82' lang='lat' dir='ltr'><em>uetustis</em></span> <span class='ocrx_word' id='word_1_323' title='bbox 747 3865 897 3923; x_wconf 83' lang='lat' dir='ltr'><em>autoribus</em></span> <span class='ocrx_word' id='word_1_324' title='bbox 919 3880 1043 3937; x_wconf 77' lang='lat' dir='ltr'><em>aetorum</em></span> <span class='ocrx_word' id='word_1_325' title='bbox 1064 3867 1250 3925; x_wconf 82' lang='lat' dir='ltr'><em>autoritatem</em></span> <span class='ocrx_word' id='word_1_326' title='bbox 1275 3867 1428 3924; x_wconf 84' lang='lat' dir='ltr'><em>restituere</em></span> <span class='ocrx_word' id='word_1_327' title='bbox 1449 3880 1547 3923; x_wconf 87' lang='lat' dir='ltr'><em>conor.</em></span> <span class='ocrx_word' id='word_1_328' title='bbox 1592 3864 1646 3921; x_wconf 81' lang='lat' dir='ltr'><em>sed</em></span> 
     </span>
     <span class='ocr_line' id='line_1_32' title="bbox 355 3965 1644 4042; baseline -0.003 -16"><span class='ocrx_word' id='word_1_329' title='bbox 355 3968 496 4042; x_wconf 80' lang='lat' dir='ltr'><em>qreiequitt</em></span> <span class='ocrx_word' id='word_1_330' title='bbox 514 3974 558 4025; x_wconf 91' lang='lat' dir='ltr'><em>est</em></span> <span class='ocrx_word' id='word_1_331' title='bbox 575 3968 749 4038; x_wconf 82' lang='lat' dir='ltr'><em>humanum,</em></span> <span class='ocrx_word' id='word_1_332' title='bbox 768 3967 1000 4041; x_wconf 80' lang='lat' dir='ltr'><em>posthabendam</em></span> <span class='ocrx_word' id='word_1_333' title='bbox 1022 3974 1080 4039; x_wconf 89' lang='lat' dir='ltr'><em>est,</em></span> <span class='ocrx_word' id='word_1_334' title='bbox 1102 3969 1153 4026; x_wconf 81' lang='lat' dir='ltr'><em>utri</em></span> <span class='ocrx_word' id='word_1_335' title='bbox 1171 3970 1273 4041; x_wconf 71' lang='lat' dir='ltr'><em>anitum</em></span> <span class='ocrx_word' id='word_1_336' title='bbox 1292 3968 1329 4026; x_wconf 82' lang='lat' dir='ltr'><em>tte</em></span> <span class='ocrx_word' id='word_1_337' title='bbox 1347 3969 1446 4040; x_wconf 80' lang='lat' dir='ltr'><em>ptoria</em></span> <span class='ocrx_word' id='word_1_338' title='bbox 1463 3966 1572 4024; x_wconf 81' lang='lat' dir='ltr'><em>Christi</em></span> <span class='ocrx_word' id='word_1_339' title='bbox 1588 3965 1644 4022; x_wconf 85' lang='lat' dir='ltr'><em>cte-</em></span> 
     </span>
     <span class='ocr_line' id='line_1_33' title="bbox 354 4070 1644 4144; baseline -0.004 -15"><span class='ocrx_word' id='word_1_340' title='bbox 354 4089 410 4143; x_wconf 81' lang='lat' dir='ltr'><em>pue</em></span> <span class='ocrx_word' id='word_1_341' title='bbox 433 4072 611 4144; x_wconf 72' lang='lat' dir='ltr'><em>synceritate</em></span> <span class='ocrx_word' id='word_1_342' title='bbox 630 4070 704 4140; x_wconf 76' lang='lat' dir='ltr'><em>littei</em></span> <span class='ocrx_word' id='word_1_343' title='bbox 720 4071 888 4141; x_wconf 82' lang='lat' dir='ltr'><em>catholiea,</em></span> <span class='ocrx_word' id='word_1_344' title='bbox 916 4071 966 4127; x_wconf 92' lang='lat' dir='ltr'><em>eui</em></span> <span class='ocrx_word' id='word_1_345' title='bbox 995 4072 1105 4128; x_wconf 91' lang='lat' dir='ltr'><em>utinam</em></span> <span class='ocrx_word' id='word_1_346' title='bbox 1124 4071 1273 4129; x_wconf 82' lang='lat' dir='ltr'><em>lutherus</em></span> <span class='ocrx_word' id='word_1_347' title='bbox 1294 4073 1339 4128; x_wconf 83' lang='lat' dir='ltr'><em>oct</em></span> <span class='ocrx_word' id='word_1_348' title='bbox 1360 4071 1453 4142; x_wconf 77' lang='lat' dir='ltr'><em>artinis</em></span> <span class='ocrx_word' id='word_1_349' title='bbox 1475 4070 1551 4126; x_wconf 79' lang='lat' dir='ltr'><em>utitis</em></span> <span class='ocrx_word' id='word_1_350' title='bbox 1569 4083 1644 4125; x_wconf 88' lang='lat' dir='ltr'><em>con-</em></span> 
     </span>
     <span class='ocr_line' id='line_1_34' title="bbox 353 4171 1643 4244; baseline -0.003 -13"><span class='ocrx_word' id='word_1_351' title='bbox 353 4175 489 4232; x_wconf 86' lang='lat' dir='ltr'><em>suluisset</em></span> <span class='ocrx_word' id='word_1_352' title='bbox 502 4179 531 4231; x_wconf 91' lang='lat' dir='ltr'><em>et</em></span> <span class='ocrx_word' id='word_1_353' title='bbox 544 4172 685 4230; x_wconf 78' lang='lat' dir='ltr'><em>tihrmnem</em></span> <span class='ocrx_word' id='word_1_354' title='bbox 700 4188 827 4231; x_wconf 87' lang='lat' dir='ltr'><em>meorum</em></span> <span class='ocrx_word' id='word_1_355' title='bbox 846 4182 874 4230; x_wconf 89' lang='lat' dir='ltr'><em>et</em></span> <span class='ocrx_word' id='word_1_356' title='bbox 885 4171 1076 4244; x_wconf 82' lang='lat' dir='ltr'><em>sortuuarum</em></span> <span class='ocrx_word' id='word_1_357' title='bbox 1093 4174 1221 4232; x_wconf 80' lang='lat' dir='ltr'><em>omnnem</em></span> <span class='ocrx_word' id='word_1_358' title='bbox 1237 4182 1265 4232; x_wconf 94' lang='lat' dir='ltr'><em>et</em></span> <span class='ocrx_word' id='word_1_359' title='bbox 1284 4172 1371 4231; x_wconf 88' lang='lat' dir='ltr'><em>huius</em></span> <span class='ocrx_word' id='word_1_360' title='bbox 1390 4172 1516 4243; x_wconf 73' lang='lat' dir='ltr'><em>(tetrique</em></span> <span class='ocrx_word' id='word_1_361' title='bbox 1536 4172 1643 4243; x_wconf 87' lang='lat' dir='ltr'><em>eapitis</em></span> 
     </span>
     <span class='ocr_line' id='line_1_35' title="bbox 353 4269 1711 4346; baseline -0.004 -13"><span class='ocrx_word' id='word_1_362' title='bbox 353 4279 480 4334; x_wconf 83' lang='lat' dir='ltr'><em>iactura.</em></span> <span class='ocrx_word' id='word_1_363' title='bbox 505 4275 647 4334; x_wconf 79' lang='lat' dir='ltr'><em>Ceeherum</em></span> <span class='ocrx_word' id='word_1_364' title='bbox 664 4274 743 4333; x_wconf 83' lang='lat' dir='ltr'><em>uude</em></span> <span class='ocrx_word' id='word_1_365' title='bbox 757 4277 835 4332; x_wconf 80' lang='lat' dir='ltr'><em>nont</em></span> <span class='ocrx_word' id='word_1_366' title='bbox 850 4273 995 4333; x_wconf 89' lang='lat' dir='ltr'><em>Ilutteuus</em></span> <span class='ocrx_word' id='word_1_367' title='bbox 1013 4274 1086 4346; x_wconf 71' lang='lat' dir='ltr'><em>quita</em></span> <span class='ocrx_word' id='word_1_368' title='bbox 1098 4277 1192 4333; x_wconf 82' lang='lat' dir='ltr'><em>antimi</em></span> <span class='ocrx_word' id='word_1_369' title='bbox 1204 4275 1312 4333; x_wconf 77' lang='lat' dir='ltr'><em>trahea!</em></span> <span class='ocrx_word' id='word_1_370' title='bbox 1324 4273 1470 4332; x_wconf 79' lang='lat' dir='ltr'><em>lutherus</em></span> <span class='ocrx_word' id='word_1_371' title='bbox 1482 4289 1555 4345; x_wconf 76' lang='lat' dir='ltr'><em>eran</em></span> <span class='ocrx_word' id='word_1_372' title='bbox 1567 4269 1632 4331; x_wconf 77' lang='lat' dir='ltr'><em>me?</em></span> <span class='ocrx_word' id='word_1_373' title='bbox 1644 4279 1711 4328; x_wconf 76' lang='lat' dir='ltr'><em>taos.</em></span> 
     </span>
     <span class='ocr_line' id='line_1_36' title="bbox 319 4378 1642 4451; baseline -0.003 -15"><span class='ocrx_word' id='word_1_374' title='bbox 319 4378 406 4437; x_wconf 49' lang='lat' dir='ltr'><em>&amp;Sic</em></span> <span class='ocrx_word' id='word_1_375' title='bbox 422 4384 571 4451; x_wconf 81' lang='lat' dir='ltr'><em>compotem</em></span> <span class='ocrx_word' id='word_1_376' title='bbox 591 4378 735 4450; x_wconf 82' lang='lat' dir='ltr'><em>qicispiam</em></span> <span class='ocrx_word' id='word_1_377' title='bbox 761 4379 808 4435; x_wconf 86' lang='lat' dir='ltr'><em>itti</em></span> <span class='ocrx_word' id='word_1_378' title='bbox 829 4379 941 4447; x_wconf 90' lang='lat' dir='ltr'><em>retntit,</em></span> <span class='ocrx_word' id='word_1_379' title='bbox 964 4387 994 4434; x_wconf 90' lang='lat' dir='ltr'><em>ct</em></span> <span class='ocrx_word' id='word_1_380' title='bbox 1020 4379 1069 4435; x_wconf 88' lang='lat' dir='ltr'><em>itte</em></span> <span class='ocrx_word' id='word_1_381' title='bbox 1091 4378 1206 4436; x_wconf 78' lang='lat' dir='ltr'><em>attatei!</em></span> <span class='ocrx_word' id='word_1_382' title='bbox 1229 4394 1269 4435; x_wconf 78' lang='lat' dir='ltr'><em>ee</em></span> <span class='ocrx_word' id='word_1_383' title='bbox 1297 4379 1371 4448; x_wconf 90' lang='lat' dir='ltr'><em>atio,</em></span> <span class='ocrx_word' id='word_1_384' title='bbox 1398 4392 1503 4434; x_wconf 90' lang='lat' dir='ltr'><em>rursus</em></span> <span class='ocrx_word' id='word_1_385' title='bbox 1532 4378 1581 4433; x_wconf 88' lang='lat' dir='ltr'><em>itte</em></span> <span class='ocrx_word' id='word_1_386' title='bbox 1602 4392 1642 4433; x_wconf 79' lang='lat' dir='ltr'><em>ec</em></span> 
     </span>
     <span class='ocr_line' id='line_1_37' title="bbox 354 4477 1642 4554; baseline -0.002 -18"><span class='ocrx_word' id='word_1_387' title='bbox 354 4482 428 4547; x_wconf 90' lang='lat' dir='ltr'><em>atio,·</em></span> <span class='ocrx_word' id='word_1_388' title='bbox 444 4488 531 4552; x_wconf 77' lang='lat' dir='ltr'><em>atque</em></span> <span class='ocrx_word' id='word_1_389' title='bbox 547 4482 588 4536; x_wconf 92' lang='lat' dir='ltr'><em>ita</em></span> <span class='ocrx_word' id='word_1_390' title='bbox 605 4496 659 4553; x_wconf 87' lang='lat' dir='ltr'><em>per</em></span> <span class='ocrx_word' id='word_1_391' title='bbox 676 4481 780 4552; x_wconf 81' lang='lat' dir='ltr'><em>ripinti</em></span> <span class='ocrx_word' id='word_1_392' title='bbox 795 4477 966 4550; x_wconf 82' lang='lat' dir='ltr'><em>transfusus</em></span> <span class='ocrx_word' id='word_1_393' title='bbox 982 4495 1085 4538; x_wconf 87' lang='lat' dir='ltr'><em>rumor</em></span> <span class='ocrx_word' id='word_1_394' title='bbox 1102 4481 1145 4537; x_wconf 72' lang='lat' dir='ltr'><em>eta</em></span> <span class='ocrx_word' id='word_1_395' title='bbox 1161 4482 1255 4554; x_wconf 90' lang='lat' dir='ltr'><em>ipsum</em></span> <span class='ocrx_word' id='word_1_396' title='bbox 1275 4483 1425 4554; x_wconf 82' lang='lat' dir='ltr'><em>peruenit:</em></span> <span class='ocrx_word' id='word_1_397' title='bbox 1444 4494 1484 4537; x_wconf 76' lang='lat' dir='ltr'><em>ecc</em></span> <span class='ocrx_word' id='word_1_398' title='bbox 1502 4478 1547 4535; x_wconf 88' lang='lat' dir='ltr'><em>his</em></span> <span class='ocrx_word' id='word_1_399' title='bbox 1567 4495 1642 4536; x_wconf 89' lang='lat' dir='ltr'><em>cau-</em></span> 
     </span>
     <span class='ocr_line' id='line_1_38' title="bbox 353 4581 1710 4655; baseline -0.003 -15"><span class='ocrx_word' id='word_1_400' title='bbox 353 4585 426 4641; x_wconf 82' lang='lat' dir='ltr'><em>tecit</em></span> <span class='ocrx_word' id='word_1_401' title='bbox 438 4583 558 4640; x_wconf 77' lang='lat' dir='ltr'><em>titiettos.</em></span> <span class='ocrx_word' id='word_1_402' title='bbox 603 4581 700 4640; x_wconf 73' lang='lat' dir='ltr'><em>h&#39;itiito</em></span> <span class='ocrx_word' id='word_1_403' title='bbox 718 4584 788 4655; x_wconf 76' lang='lat' dir='ltr'><em>pitres</em></span> <span class='ocrx_word' id='word_1_404' title='bbox 807 4584 886 4640; x_wconf 85' lang='lat' dir='ltr'><em>norit</em></span> <span class='ocrx_word' id='word_1_405' title='bbox 899 4596 955 4654; x_wconf 79' lang='lat' dir='ltr'><em>(pm</em></span> <span class='ocrx_word' id='word_1_406' title='bbox 972 4583 1077 4639; x_wconf 89' lang='lat' dir='ltr'><em>animo</em></span> <span class='ocrx_word' id='word_1_407' title='bbox 1088 4598 1142 4654; x_wconf 75' lang='lat' dir='ltr'><em>epo</em></span> <span class='ocrx_word' id='word_1_408' title='bbox 1159 4586 1213 4640; x_wconf 89' lang='lat' dir='ltr'><em>sim</em></span> <span class='ocrx_word' id='word_1_409' title='bbox 1232 4585 1261 4640; x_wconf 85' lang='lat' dir='ltr'><em>in</em></span> <span class='ocrx_word' id='word_1_410' title='bbox 1277 4582 1455 4642; x_wconf 79' lang='lat' dir='ltr'><em>lutherum:</em></span> <span class='ocrx_word' id='word_1_411' title='bbox 1478 4583 1540 4641; x_wconf 74' lang='lat' dir='ltr'><em>‘sect</em></span> <span class='ocrx_word' id='word_1_412' title='bbox 1555 4597 1632 4640; x_wconf 72' lang='lat' dir='ltr'><em>riori·v</em></span> <span class='ocrx_word' id='word_1_413' title='bbox 1645 4592 1710 4642; x_wconf 76' lang='lat' dir='ltr'><em>§.noo</em></span> 
     </span>
    </p>
   </div>
   <div class='ocr_carea' id='block_1_3' title="bbox 354 4736 554 4746">
    <p class='ocr_par' dir='ltr' id='par_1_3' title="bbox 354 4736 554 4746">
     <span class='ocr_line' id='line_1_39' title="bbox 354 4736 554 4746; baseline -0.005 0"><span class='ocrx_word' id='word_1_414' title='bbox 354 4736 554 4746; x_wconf 75' lang='lat'><em>—.—-—</em></span> 
     </span>
    </p>
   </div>
   <div class='ocr_carea' id='block_1_4' title="bbox 351 4815 1642 5142">
    <p class='ocr_par' dir='ltr' id='par_1_4' title="bbox 351 4815 1642 5142">
     <span class='ocr_line' id='line_1_40' title="bbox 419 4815 1641 4884; baseline -0.002 -15"><span class='ocrx_word' id='word_1_415' title='bbox 419 4817 540 4884; x_wconf 65' lang='grc' dir='ltr'><em>2νοοιιτ]</em></span> <span class='ocrx_word' id='word_1_416' title='bbox 561 4821 672 4884; x_wconf 75' lang='lat' dir='ltr'><em>linpost.</em></span> <span class='ocrx_word' id='word_1_417' title='bbox 687 4821 710 4878; x_wconf 56' lang='grc' dir='ltr'><em>ᾖ.</em></span> <span class='ocrx_word' id='word_1_418' title='bbox 727 4818 783 4867; x_wconf 71' lang='lat'>123.</span> <span class='ocrx_word' id='word_1_419' title='bbox 831 4817 841 4848; x_wconf 82' lang='lat'>³</span> <span class='ocrx_word' id='word_1_420' title='bbox 861 4815 966 4882; x_wconf 81' lang='lat' dir='ltr'><em>eudem]</em></span> <span class='ocrx_word' id='word_1_421' title='bbox 988 4820 1066 4882; x_wconf 67' lang='lat' dir='ltr'><em>quain</em></span> <span class='ocrx_word' id='word_1_422' title='bbox 1085 4834 1138 4868; x_wconf 90' lang='lat' dir='ltr'><em>uon</em></span> <span class='ocrx_word' id='word_1_423' title='bbox 1158 4818 1348 4869; x_wconf 76' lang='lat' dir='ltr'><em>diversissima</em></span> <span class='ocrx_word' id='word_1_424' title='bbox 1367 4821 1426 4869; x_wconf 79' lang='lat' dir='ltr'><em>sine</em></span> <span class='ocrx_word' id='word_1_425' title='bbox 1446 4820 1531 4868; x_wconf 80' lang='lat' dir='ltr'><em>animi</em></span> <span class='ocrx_word' id='word_1_426' title='bbox 1550 4820 1641 4868; x_wconf 85' lang='lat' dir='ltr'><em>incon·</em></span> 
     </span>
     <span class='ocr_line' id='line_1_41' title="bbox 352 4903 1641 4971; baseline -0.002 -15"><span class='ocrx_word' id='word_1_427' title='bbox 352 4908 470 4967; x_wconf 79' lang='lat' dir='ltr'><em>stuntin,</em></span> <span class='ocrx_word' id='word_1_428' title='bbox 496 4906 556 4953; x_wconf 82' lang='lat' dir='ltr'><em>siue</em></span> <span class='ocrx_word' id='word_1_429' title='bbox 576 4905 721 4954; x_wconf 79' lang='lat' dir='ltr'><em>calumniis</em></span> <span class='ocrx_word' id='word_1_430' title='bbox 741 4909 768 4952; x_wconf 84' lang='lat' dir='ltr'><em>et.</em></span> <span class='ocrx_word' id='word_1_431' title='bbox 787 4903 992 4953; x_wconf 72' lang='lat' dir='ltr'><em>salutationibus</em></span> <span class='ocrx_word' id='word_1_432' title='bbox 1015 4905 1100 4953; x_wconf 83' lang='lat' dir='ltr'><em>scribi</em></span> <span class='ocrx_word' id='word_1_433' title='bbox 1119 4910 1240 4969; x_wconf 82' lang='lat' dir='ltr'><em>possent.</em></span> <span class='ocrx_word' id='word_1_434' title='bbox 1310 4904 1333 4935; x_wconf 77' lang='lat'><em>²⁰</em></span> <span class='ocrx_word' id='word_1_435' title='bbox 1351 4904 1402 4969; x_wconf 65' lang='lat' dir='ltr'><em>uiti</em></span> <span class='ocrx_word' id='word_1_436' title='bbox 1422 4906 1641 4971; x_wconf 47' lang='lat' dir='ltr'><em>inponantur.</em></span> 
     </span>
     <span class='ocr_line' id='line_1_42' title="bbox 351 4988 1642 5057; baseline -0.002 -16"><span class='ocrx_word' id='word_1_437' title='bbox 351 4993 374 5024; x_wconf 83' lang='lat'><em>³⁰</em></span> <span class='ocrx_word' id='word_1_438' title='bbox 392 5008 504 5057; x_wconf 80' lang='lat' dir='ltr'><em>quornm</em></span> <span class='ocrx_word' id='word_1_439' title='bbox 520 4995 543 5039; x_wconf 85' lang='lat' dir='ltr'><em>t.</em></span> <span class='ocrx_word' id='word_1_440' title='bbox 557 5009 612 5056; x_wconf 78' lang='lat' dir='ltr'><em>sqq.</em></span> <span class='ocrx_word' id='word_1_441' title='bbox 664 4989 687 5020; x_wconf 75' lang='lat'><em>³⁵</em></span> <span class='ocrx_word' id='word_1_442' title='bbox 707 4988 854 5054; x_wconf 80' lang='lat' dir='ltr'><em>oonipotor]</em></span> <span class='ocrx_word' id='word_1_443' title='bbox 873 4991 915 5038; x_wconf 78' lang='lat' dir='ltr'><em>tte</em></span> <span class='ocrx_word' id='word_1_444' title='bbox 934 4991 999 5039; x_wconf 89' lang='lat' dir='ltr'><em>vino</em></span> <span class='ocrx_word' id='word_1_445' title='bbox 1018 4990 1098 5039; x_wconf 81' lang='lat' dir='ltr'><em>uvido</em></span> <span class='ocrx_word' id='word_1_446' title='bbox 1111 4991 1250 5040; x_wconf 82' lang='lat' dir='ltr'><em>ltuttenns</em></span> <span class='ocrx_word' id='word_1_447' title='bbox 1262 5005 1413 5055; x_wconf 78' lang='lat' dir='ltr'><em>nunquam,</em></span> <span class='ocrx_word' id='word_1_448' title='bbox 1434 4992 1564 5041; x_wconf 78' lang='lat' dir='ltr'><em>Erasmus</em></span> <span class='ocrx_word' id='word_1_449' title='bbox 1576 4990 1642 5040; x_wconf 87' lang='lat' dir='ltr'><em>mut-</em></span> 
     </span>
     <span class='ocr_line' id='line_1_43' title="bbox 352 5075 1132 5142; baseline -0.003 -15"><span class='ocrx_word' id='word_1_450' title='bbox 352 5080 390 5127; x_wconf 77' lang='lat' dir='ltr'><em>tis</em></span> <span class='ocrx_word' id='word_1_451' title='bbox 410 5078 478 5127; x_wconf 79' lang='lat' dir='ltr'><em>locis</em></span> <span class='ocrx_word' id='word_1_452' title='bbox 498 5078 576 5142; x_wconf 81' lang='lat' dir='ltr'><em>quusi</em></span> <span class='ocrx_word' id='word_1_453' title='bbox 594 5075 709 5142; x_wconf 80' lang='lat' dir='ltr'><em>pusillus</em></span> <span class='ocrx_word' id='word_1_454' title='bbox 727 5076 826 5125; x_wconf 84' lang='lat' dir='ltr'><em>Furius</em></span> <span class='ocrx_word' id='word_1_455' title='bbox 845 5075 995 5126; x_wconf 83' lang='lat' dir='ltr'><em>Bibaculus</em></span> <span class='ocrx_word' id='word_1_456' title='bbox 1013 5076 1132 5142; x_wconf 81' lang='lat' dir='ltr'><em>scripsit.</em></span> 
     </span>
    </p>
   </div>
   <div class='ocr_carea' id='block_1_5' title="bbox 0 0 1972 6034">
    <p class='ocr_par' dir='ltr' id='par_1_5' title="bbox 0 0 1972 6034">
     <span class='ocr_line' id='line_1_44' title="bbox 0 0 1972 6034; baseline 0 2"><span class='ocrx_word' id='word_1_457' title='bbox 0 0 1972 6034; x_wconf 95' lang='lat' dir='ltr'><em> </em></span> 
     </span>
    </p>
   </div>
  </div>
 </body>
</html>
