3934 6034
399 702 611 754 CCCXXXHU.
632 716 820 752 aavsnrenen
834 716 886 749 rao
901 714 1031 750 inarasse
1043 713 1080 748 sn
1093 713 1196 748 sanaim
1211 713 1352 748 saeuorum
1365 711 1528 747 assensero.
1566 679 1638 754 333

354 876 482 933 voluisset
505 877 640 938 scribere.
664 884 772 951 poterat
795 894 824 931 se
847 875 998 949 applicare,
1023 882 1052 929 ut
1077 883 1119 935 tu,
1149 874 1268 929 Romano
1291 871 1426 947 pontifici.
1449 872 1639 934 cardinalibus,

354 960 501 1035 auglorum
525 963 598 1036 rcgi;
625 979 713 1036 neque
735 962 830 1018 dubito
853 961 918 1034 quin
941 959 1089 1033 rrragnibeis
1118 960 1237 1033 premiis
1264 959 1399 1014 hominem
1427 958 1586 1020 donassent,
1616 959 1638 1013 si

353 1046 444 1102 stilum
467 1048 634 1103 exercuisset
656 1048 682 1102 in
706 1046 861 1103 bulherum.

417 1128 516 1208 [sisa]
561 1149 611 1188 na.
640 1132 778 1189 Desidere
805 1134 835 1187 ia
858 1132 978 1187 lutheri
1004 1132 1120 1201 scriptis
1150 1131 1312 1186 modestiam
1340 1137 1368 1184 et
1394 1130 1638 1184 monsuetudinem

326 1219 559 1289 eenamcenam,
583 1225 647 1274 reato
668 1220 860 1288 permcaeiam
884 1218 1076 1271 osseecrandi.
1144 1232 1193 1272 or.
1217 1215 1288 1270 Satis
1311 1222 1353 1270 est
1375 1231 1458 1288 super
1479 1214 1527 1270 bac
1543 1232 1572 1269 rc
1588 1214 1639 1269 Ln-

353 1303 446 1358 tbcrus
469 1303 535 1364 sibi,
560 1312 587 1358 ct
609 1302 705 1364 lmbct.
730 1320 784 1358 non
807 1301 919 1362 dubito.
943 1301 1005 1374 quid
1029 1301 1207 1375 respoudeat:
1230 1317 1282 1372 ego
1306 1316 1369 1356 vero
1386 1316 1440 1355 non
1456 1300 1568 1362 clarano,
1591 1300 1643 1355 sed

352 1389 471 1444 admiror
494 1389 619 1462 spiritum
641 1388 743 1443 vlourini
766 1389 794 1444 in
817 1388 939 1447 bomine,
971 1386 1017 1460 qui
1047 1386 1110 1441 lecit
1133 1387 1228 1442 taciem
1257 1385 1315 1441 eius
1344 1385 1519 1441 valentiorem
1542 1393 1568 1440 et
1590 1386 1638 1441 du·

353 1474 452 1529 rioreru
475 1473 611 1529 frontibus
634 1491 741 1534 eornm,
765 1481 795 1529 ιιι
818 1475 984 1528 adamantem
1008 1479 1035 1526 et
1058 1480 1088 1526 ut
1110 1472 1221 1527 silicem.

417 1554 515 1634 [tter]
561 1561 599 1614 Et
626 1562 701 1613 inter
729 1561 835 1614 amicos
864 1559 961 1613 dalens
992 1559 1146 1628 aliqucmdo
1174 1557 1237 1612 elixi
1258 1571 1301 1609 me
1323 1556 1454 1611 dubitare
1476 1558 1511 1611 de
1532 1558 1638 1627 spiritu
1695 1547 1697 1552 ’

321 1646 437 1699 tttillius.
504 1661 554 1700 or.
579 1642 646 1711 Quid
670 1661 736 1716 ergo
759 1646 909 1717 scripturas
932 1659 986 1697 non
1009 1643 1137 1715 expendis
1160 1649 1186 1697 et
1209 1658 1266 1696 reru
1287 1641 1321 1696 de
1343 1658 1395 1714 qua
1410 1641 1488 1702 dicit.
1513 1659 1638 1697 verumne

352 1730 388 1783 sit
410 1730 483 1802 quod
506 1729 612 1787 scribit.
643 1747 676 1783 an
701 1737 827 1802 torqueat
849 1729 999 1802 scripturas
1021 1735 1048 1782 et
1071 1728 1185 1783 bumana
1208 1726 1383 1800 philosophia
1413 1726 1453 1781 vel
1483 1725 1637 1800 eloquentia

351 1815 541 1871 circirmveuiat
564 1815 710 1869 seeundum
742 1815 913 1869 traditionem
943 1813 1081 1868 bortrinmn
1110 1821 1137 1867 ct
1165 1820 1265 1885 prater
1297 1811 1492 1885 providentiam
1525 1813 1638 1886 spiritns

353 1900 452 1961 sancti,
482 1918 514 1955 an
544 1898 689 1954 subtilibus
716 1900 830 1973 argutiis
858 1897 1058 1972 simplicitatem
1087 1898 1268 1953 communium
1298 1895 1440 1952 verborum
1474 1904 1501 1953 et
1528 1898 1637 1954 subtilia

353 2002 468 2059 quasque
490 1984 657 2040 cvinlundatl
680 1983 755 2051 Quod
780 1985 801 2039 si
825 2001 879 2040 non
903 1984 982 2044 lacit,
1007 1983 1070 2057 quid
1094 1982 1252 2039 addubitas?
1284 1982 1340 2037 Non
1371 1991 1435 2038 sunt
1456 1982 1514 2039 baec
1537 1985 1637 2059 scripta

323 2079 344 2115 ιι
355 2070 502 2142 malignum
526 2079 552 2125 et
576 2070 678 2125 erroris
701 2070 825 2142 spiritum
850 2069 981 2124 habentis.
1027 2068 1073 2124 scd
1096 2070 1128 2125 de
1151 2068 1202 2124 boc
1224 2067 1298 2123 alias.

418 2149 515 2231 [tto]
560 2171 609 2210 aa.
634 2156 742 2210 Deinde
764 2158 911 2210 coraiecero
926 2169 969 2208 me
984 2156 1012 2208 in
1026 2154 1198 2226 sanctionem,
1221 2170 1286 2225 quar
1299 2154 1438 2223 plurimos
1453 2154 1550 2222 hahet,
1573 2172 1636 2210 eum

352 2242 454 2312 quibus
476 2240 545 2294 mihi
565 2241 637 2295 rrihil
659 2242 738 2295 uelim
761 2256 822 2295 esse
844 2242 1013 2297 commercii.
1080 2256 1129 2296 or.
1158 2238 1292 2294 Plurimus
1321 2238 1401 2293 babet
1423 2256 1493 2312 quos
1514 2239 1637 2296 dolemus

352 2336 379 2382 ct
403 2343 471 2398 qum
494 2325 651 2399 expediebat
673 2326 700 2380 in
723 2325 774 2380 hoc
796 2325 858 2381 albo
881 2343 935 2381 nen
958 2342 1031 2386 esse.
1062 2343 1094 2381 ue
1117 2323 1329 2379 scandalizarent
1352 2322 1483 2396 plurimos
1512 2325 1539 2381 in
1566 2325 1635 2399 lege.

417 2406 511 2486 [stat]
557 2427 606 2466 un.
636 2410 739 2481 Itaque
768 2412 835 2466 urihi
861 2411 1018 2466 consultius
1046 2413 1133 2465 sisaim
1161 2417 1203 2465 est
1229 2410 1275 2464 hic
1302 2411 1517 2480 conquiescere,
1550 2413 1639 2467 donce

319 2505 345 2544 tt
350 2498 501 2568 principes
532 2503 559 2551 et
587 2498 693 2551 eruditi
717 2498 818 2551 studiis
841 2498 950 2551 occussis
972 2503 1111 2565 expetant
1132 2512 1166 2549 ea
1189 2496 1307 2550 coasilia
1334 2511 1398 2565 quoe
1427 2497 1488 2550 sine
1517 2499 1637 2552 tumultu

348 2583 531 2652 prospiciant
552 2583 721 2651 cuariqelica
745 2583 857 2637 ceritati
877 2588 905 2637 et
924 2582 1024 2653 gloriae
1041 2581 1153 2636 Christi.
1212 2596 1262 2635 or.
1280 2579 1378 2635 Revera
1392 2581 1636 2637 consultissimum:

353 2684 412 2722 naui
444 2683 497 2722 non
527 2674 568 2720 cst
600 2665 743 2721 iucundum
774 2666 808 2720 ob
837 2684 943 2722 crucem
966 2666 1065 2720 Christi
1088 2666 1304 2739 persecutionem
1328 2666 1383 2738 pati
1406 2673 1434 2721 et
1454 2667 1588 2723 coniicere
1611 2668 1637 2722 in

352 2751 495 2807 discrimen
523 2768 552 2805 sc
582 2750 663 2823 longe
692 2752 833 2807 niaximum
862 2751 1009 2813 bonorum.
1040 2752 1116 2807 larum
1143 2758 1170 2806 et
1199 2750 1267 2806 vitae.
1313 2750 1363 2806 Sed
1392 2752 1494 2807 utinam
1517 2752 1568 2809 lroe
1590 2752 1638 2808 ali-

354 2836 461 2910 quando
485 2836 584 2891 iaciant
607 2836 744 2910 principes
768 2838 840 2911 qnod
870 2838 1009 2911 expectas!
1044 2837 1184 2909 bucusque
1213 2835 1311 2906 frigide
1337 2835 1492 2892 ectusultum
1520 2846 1548 2891 et
1574 2855 1637 2911 pro-

319 2932 343 2971 es
354 2931 476 2995 spectum
500 2931 556 2983 est:
580 2939 733 2995 quanquam
756 2939 810 2977 non
834 2923 900 2978 satis
924 2921 1047 2994 intelligo
1070 2921 1133 2995 quid
1157 2921 1208 2976 boe
1231 2921 1279 2976 tibi
1302 2920 1383 2980 velis.
1412 2930 1442 2976 nt
1471 2924 1637 2996 prospiciant

353 3005 507 3078 evangelio:
538 3024 570 3060 au
600 3016 631 3061 ut
658 3004 743 3062 libere
766 3006 938 3079 divulgetur?
972 3006 1022 3063 hoe
1044 3015 1118 3062 certe
1140 3005 1273 3061 debebant
1295 3006 1451 3079 prospicere
1474 3008 1638 3080 posthabitis

353 3092 478 3147 omnibus
501 3092 578 3164 regni
601 3099 628 3146 et
650 3092 814 3164 privatarum
837 3110 927 3148 rerum
951 3093 1086 3165 negociis;
1115 3091 1156 3146 sel
1185 3100 1215 3145 ut
1243 3090 1431 3146 consultarent
1458 3108 1491 3146 an
1514 3094 1637 3167 expediat

352 3178 498 3250 praedicare
521 3185 548 3232 et
572 3184 601 3231 ut
624 3178 726 3249 pariter
748 3195 857 3250 quoque
880 3185 1001 3233 statuant
1023 3176 1238 3232 abominationes
1268 3176 1422 3249 pontilicis?
1456 3177 1506 3233 hoc
1529 3177 1637 3235 illorum

352 3279 407 3318 non
431 3264 545 3318 interest
568 3270 595 3317 et
618 3263 728 3334 impium
751 3270 808 3317 est:
832 3262 876 3335 qui
900 3263 971 3317 enirn
995 3280 1087 3317 suums
1103 3262 1244 3317 mendaces
1260 3269 1287 3316 et
1302 3260 1392 3323 nihili,
1416 3262 1462 3336 qui
1478 3264 1637 3338 sapientiam

319 3356 383 3402 auct
404 3347 513 3422 eloquia
535 3347 578 3402 dei
602 3346 790 3407 iustibeemus,
815 3347 956 3403 iustillcata
980 3348 1006 3402 in
1030 3346 1193 3421 semetipsa?

396 3428 494 3509 [sien]
518 3448 567 3488 sa.
594 3432 661 3499 Qua
683 3434 745 3488 sine
767 3435 887 3488 tumultu
911 3436 1094 3503 prospiciant
1115 3432 1286 3504 arcangelica
1309 3434 1427 3486 ceritati.
1488 3449 1538 3490 or.
1562 3435 1638 3491 Scili-

352 3527 395 3573 cet
418 3519 476 3572 sine
500 3517 632 3578 tumultu,
658 3518 733 3591 quasi
756 3517 863 3574 decerni
887 3519 997 3574 statutis
1020 3525 1047 3572 et
1069 3518 1186 3573 decretis
1209 3517 1310 3590 possit.
1333 3526 1364 3572 ut
1387 3535 1465 3574 nerino
1480 3519 1638 3576 adversetur

353 3603 506 3676 evangelio,
530 3612 557 3657 et
582 3620 700 3676 unquam
723 3603 781 3659 sine
805 3602 935 3664 tumultu.
959 3603 1138 3658 seditionibus
1161 3611 1188 3658 et
1211 3602 1341 3674 sanguiue
1364 3611 1507 3660 tractatum
1526 3606 1638 3662 sitean·

352 3688 412 3744 dide
436 3690 487 3744 boc
510 3687 627 3744 verbum.
674 3688 728 3744 lloe
752 3697 780 3743 tu
802 3706 835 3744 ex
857 3689 1001 3763 scripturis
1023 3706 1074 3744 uos
1096 3690 1170 3745 doce.

318 3785 343 3824 aa
417 3769 512 3850 [etot]
558 3790 607 3829 aa.
631 3773 721 3828 Immo
743 3776 812 3829 mihi
832 3791 1035 3845 ironnunquam
1056 3772 1115 3845 suit
1135 3776 1165 3829 iu
1187 3775 1281 3828 animo
1301 3774 1462 3829 subornare
1477 3780 1636 3849 qnempiam

352 3862 401 3930 qui
419 3866 593 3930 provocaret
615 3859 671 3913 huc
694 3861 816 3930 aliquem
839 3862 988 3931 insiguiter
1010 3861 1222 3917 Lutheranumr
1255 3875 1307 3915 nce
1335 3862 1409 3914 euim
1438 3863 1496 3915 ulio
1524 3878 1572 3918 res
1594 3879 1637 3918 me

348 3951 464 4016 poterat
486 3944 610 3998 liberare
631 3946 746 3999 inuidia.
814 3960 864 4001 or.
888 3944 975 4000 llabes
998 3963 1068 4002 nunc
1091 3944 1237 4016 insigniter
1258 3944 1426 4001 butlreranos
1457 3948 1501 4019 qui
1526 3956 1552 4002 tc
1574 3966 1638 4023 pro·

353 4036 528 4090 vocaverunt.
553 4036 582 4083 ut
605 4028 671 4084 nihil
695 4030 730 4084 sit
753 4030 804 4085 boe
826 4047 951 4086 neeesse:
975 4049 1026 4104 age
1043 4039 1159 4092 tannim,
1184 4039 1213 4085 ut
1229 4030 1352 4086 invidiam
1368 4032 1495 4087 excutias.
1529 4034 1638 4090 audient

355 4125 396 4175 te.
420 4131 508 4187 neque
532 4113 617 4186 magis
639 4114 740 4188 aliquid
764 4114 874 4171 mallent
897 4133 975 4189 quam
999 4135 1012 4172 a
1037 4124 1062 4172 te
1084 4117 1184 4172 doceri.

319 4208 344 4246 m
418 4195 517 4275 [eitra]
562 4216 610 4254 na.
636 4200 780 4255 Hacttcuas
802 4201 874 4256 nihil
894 4204 987 4256 arvinus
1008 4210 1050 4257 est
1072 4221 1157 4274 quam
1179 4201 1370 4257 lutheranus.
1436 4219 1486 4260 or.
1510 4203 1638 4279 Quisquis

352 4294 409 4348 est,
434 4286 473 4340 vir
496 4284 583 4340 bonus
606 4292 634 4339 et
656 4286 717 4359 pius
740 4286 804 4347 luit,
828 4294 855 4342 et
878 4285 985 4343 babitus
1009 4298 1050 4343 est
1075 4305 1190 4363 semper.

416 4365 513 4446 [stat]
558 4387 606 4426 aa.
630 4371 690 4426 Nec
712 4388 838 4442 utiquam
861 4379 917 4427 tam
940 4376 1014 4429 avale
1035 4377 1112 4429 sensi
1137 4377 1171 4430 de
1193 4373 1380 4440 lutheranis,
1413 4382 1443 4430 ut
1470 4379 1637 4448 suspicarer

351 4458 464 4512 illarum
493 4471 655 4527 quenquam
689 4458 759 4511 tales
792 4458 997 4529 sycophantias
1025 4463 1053 4515 in
1081 4476 1242 4532 quenquam
1270 4461 1403 4514 scrihere.
1479 4478 1530 4518 or.
1553 4462 1636 4519 llulto

352 4543 441 4596 animis
471 4557 504 4596 ne
531 4541 711 4596 somniassent
740 4560 849 4615 quoque
872 4552 924 4599 tarn
949 4545 1071 4619 impiam.
1100 4564 1243 4618 nugacem.
1273 4544 1490 4619 sycophanticum
1514 4555 1541 4603 et
1564 4566 1637 4605 acer·

318 4626 491 4688 subissinram
514 4626 660 4699 Spongiam
683 4626 716 4682 ab
738 4627 897 4700 Euangeliou
921 4639 945 4684 ct
971 4638 1024 4686 taur
1048 4632 1105 4686 sine
1128 4630 1191 4686 lelle
1214 4639 1241 4687 et
1264 4629 1311 4685 bili
1334 4629 1472 4703 theologo.

417 4707 515 4788 [eam]
560 4728 609 4767 aa.
638 4711 744 4778 Qiiodsi
764 4716 902 4770 rationem
930 4716 1062 4771 haberem
1083 4719 1263 4788 priuatorum
1290 4719 1543 4788 incommodorum,
1567 4723 1638 4778 arsilli

421 4980 441 5012 ¹⁴
460 4980 613 5030 confundar
633 4986 657 5031 t.
676 4986 723 5032 sed
740 4988 764 5032 in
783 4987 877 5034 erratis
896 5001 964 5035 carr.
1020 4984 1041 5017 ¹⁵
1059 4986 1200 5037 babentia.
1216 4991 1241 5038 3.
1295 4987 1316 5020 ¹⁷
1334 5003 1401 5053 quos
1420 4992 1444 5040 1.
1466 4991 1514 5040 sed
1534 4994 1560 5040 ia
1582 5009 1636 5045 err.

352 5083 420 5116 corr.
458 5082 524 5130 quos
545 5070 568 5116 t.
622 5068 752 5133 plurimus
772 5071 796 5118 1.
848 5069 946 5120 δεἸιιιο
966 5074 991 5120 3.
1039 5071 1062 5102 ⁴³
1081 5069 1269 5137 lieophsntias
1290 5078 1346 5123 t.2.
1398 5072 1420 5107 ⁴⁴
1438 5075 1613 5141 sicoph.t.2.
