3934 6034
328 641 401 712 290
500 657 697 708 cccxxxlss.
718 671 836 708 srosau
850 672 953 707 nouem
966 673 1109 708 sovsnsvs
1123 669 1296 706 ssessamss
1309 668 1442 705 amm.

260 826 432 890 sao-esser?
461 836 600 890 caeterum
622 829 766 889 aduersus
787 831 876 891 Leum
905 832 980 890 nidil
1000 832 1161 889 attulerunt
1180 831 1317 888 momenti
1341 828 1459 886 auxilia
1482 824 1613 884 Germa·

326 936 410 993 nica:
432 949 498 991 cum
518 932 679 991 scriberent
699 935 790 992 amici
804 935 961 1006 Cerretani,
984 936 1029 991 oet
1049 936 1137 992 irretio
1157 950 1203 992 nie
1218 933 1379 991 Gennanos
1396 931 1614 988 dilaceratores

326 1038 430 1109 Leuca,
451 1037 579 1110 primum
603 1036 734 1094 dissuasi
738 1057 749 1103 ,·
773 1037 806 1094 id
825 1038 852 1094 si
872 1054 929 1094 non
947 1052 1063 1111 possem
1080 1036 1221 1100 attinere,
1244 1035 1385 1092 admonui
1401 1039 1433 1092 ut
1445 1046 1613 1105 arpumen-

326 1142 362 1198 tis
388 1146 513 1212 aperent
536 1136 633 1212 potius
660 1155 748 1212 qrrum
775 1142 922 1210 contuitus,
953 1140 1125 1214 cumprimis
1152 1149 1249 1196 autem
1277 1142 1478 1211 temperarent
1501 1133 1541 1191 oo
1561 1134 1613 1189 in-

327 1244 407 1300 iuria
435 1244 544 1314 pontis,
576 1243 656 1316 quod
685 1249 779 1301 tamen
806 1240 923 1312 sactum
953 1259 1011 1300 non
1038 1251 1094 1312 est,
1129 1259 1174 1300 me
1207 1242 1387 1299 veliementer
1417 1236 1633 1312 improbantes

257 1358 325 1408 §.nu
338 1346 488 1418 diutopum
508 1345 650 1416 aduersus
670 1344 760 1404 Leum
781 1347 924 1419 scriptum
945 1350 1114 1404 constanter
1136 1361 1173 1402 ac
1197 1349 1341 1418 perpetuo
1362 1342 1522 1407 damnari‚·
1547 1344 1616 1413 post

326 1450 471 1521 inperitam
490 1449 680 1521 epistolarum
699 1446 878 1518 fasciculum
901 1464 920 1504 a
940 1448 1064 1505 (liniensis
1082 1447 1207 1505 cruditis
1224 1447 1296 1505 satis
1310 1445 1452 1503 hostiliter
1471 1444 1614 1517 scriptum

326 1554 357 1608 in
371 1550 462 1608 Lenem
481 1550 556 1608 adeo
574 1552 686 1625 pressi,
708 1557 741 1608 ut
761 1550 872 1608 dicatus
895 1559 1009 1607 trintum
1031 1552 1133 1607 amicis
1149 1548 1276 1620 fecerim
1294 1546 1473 1621 inspiciendi
1486 1546 1613 1619 copiam,

326 1653 438 1727 Ilorpio
460 1652 610 1723 elliam,
641 1661 670 1709 et
697 1652 872 1725 quibusdam
895 1641 1079 1710 trorrunaons
1100 1658 1134 1710 ut
1158 1654 1341 1724 cremarem,
1374 1649 1517 1724 respondi
1543 1646 1616 1705 milii

258 1767 325 1817 §.uu
341 1757 489 1815 decretum
504 1771 566 1813 esse
581 1756 730 1828 quiescere
750 1758 779 1813 in
797 1761 961 1829 posterum,
983 1756 1011 1812 si
1025 1756 1242 1828 conquiesceret
1257 1754 1343 1812 Lens.
1379 1752 1491 1824 Habes,
1512 1752 1613 1821 tector,
1625 1769 1648 1813 u

326 1859 425 1917 orririiu
446 1857 550 1930 auilites
572 1858 688 1914 animus
703 1856 825 1916 llntteni
842 1863 960 1931 poterat
977 1860 1167 1928 crnlcernri,
1191 1862 1279 1931 (itque
1302 1859 1331 1914 ia
1355 1855 1401 1914 liis
1422 1855 1503 1913 uides
1525 1867 1615 1928 orcam

327 1957 401 2019 nilir‘l
420 1961 459 2017 sit
479 1961 558 2032 prod
577 1962 728 2032 orclpurem
746 1963 833 2018 etitem
855 1960 1014 2018 amicitiani
1040 1960 1157 2018 deleret
1178 1959 1326 2018 dirimere.
1365 1959 1453 2017 l'enio
1472 1972 1553 2033 rrune
1573 1954 1617 2012 ad

327 2063 403 2121 illud
425 2062 574 2134 quoditie
596 2065 845 2122 irruesserorlus
871 2078 973 2120 causer
1000 2067 1107 2136 caput:
1140 2064 1170 2119 in
1200 2079 1256 2136 qno
1282 2072 1378 2120 tamen
1405 2078 1462 2120 non
1493 2057 1619 2133 expedit

328 2167 448 2223 nimium
464 2164 592 2239 probari
613 2164 752 2235 lienteria,
782 2183 818 2224 ne
840 2166 909 2223 dnm
929 2163 1180 2239 Septimaniam,
1211 2165 1337 2237 deserar
1362 2167 1392 2222 in
1417 2161 1615 2236 Charybdim:

328 2269 361 2327 id
388 2271 429 2327 ita
453 2270 609 2343 properie,
641 2270 789 2327 utstatim
813 2271 974 2340 coniunpat
995 2268 1056 2324 cluo
1069 2269 1172 2340 pulum
1196 2266 1375 2338 salsissima,
1409 2267 1477 2323 *me
1491 2263 1614 2338 pridem
1626 2286 1649 2326 a

324 2371 421 2444 fnisse
437 2370 579 2442 ferocioris
592 2368 787 2440 Lutlreruncc,
810 2387 889 2428 nenne
908 2372 973 2428 totis
995 2370 1105 2427 uirilnrs
1126 2386 1302 2444 oppnpnare
1322 2386 1383 2428 rem
1403 2368 1616 2440 oroandicum,

330 2478 418 2549 puirm
437 2478 581 2549 perpetuo
602 2475 656 2530 sim
675 2481 828 2531 auersatus
850 2475 932 2530 illam
948 2471 1110 2543 factionem
1128 2490 1182 2530 nce
1200 2489 1328 2547 irrueram
1347 2473 1483 2531 desierim
1502 2475 1617 2543 noranta

261 2586 327 2638 §.us
338 2592 457 2652 possum
476 2577 652 2650 sprueritate
665 2574 828 2649 provenere
846 2591 907 2632 rem
922 2577 1131 2649 einrnpelieam.
1168 2574 1218 2633 Sic
1233 2582 1329 2634 airtem
1343 2576 1472 2643 assumit,
1494 2572 1618 2645 mapni-

328 2681 393 2751 licis
414 2679 530 2752 quidem
552 2677 661 2749 uerbis,
684 2678 738 2735 sed
755 2693 863 2752 parum
881 2678 1039 2751 irridenter.
1083 2676 1178 2747 ‘sitrici'
1201 2680 1295 2751 inanil
1316 2679 1442 2736 ‘totidem
1464 2691 1527 2734 csse
1542 2689 1618 2749 pos-

331 2784 391 2854 sit,
423 2798 479 2840 cur
500 2787 532 2838 tu
553 2782 605 2853 (pri
621 2779 786 2838 Romanum
810 2780 977 2851 Pontificem
1000 2797 1097 2854 rerepcr
1117 2782 1148 2836 in
1169 2781 1302 2838 rndincm
1329 2779 1486 2852 redipebas
1515 2777 1651 2838 nohis-u

330 2896 419 2956 cum,
453 2886 548 2958 ipsam
577 2881 701 2940 Romam
726 2885 868 2941 scelerum
896 2898 933 2939 nc
960 2883 1154 2955 improbitatis
1181 2886 1325 2941 senlirnun
1357 2883 1472 2941 uindice
1498 2884 1618 2940 calamo

330 2986 530 3060 increpabas,
553 2985 650 3043 ocellos
664 3002 702 3044 uc
715 2986 914 3058 indulpentias
928 2984 1136 3054 ‹terrestrum-is,
1152 2989 1333 3044 ceremonias
1348 2984 1523 3057 damnabas,
1540 3000 1618 3043 cur-

331 3091 495 3148 ‘tisanicam
516 3088 670 3160 enipetias,
707 3090 752 3146 ius
781 3091 955 3147 canopicum
987 3097 1016 3145 et
1045 3090 1215 3161 pontificum
1241 3091 1315 3148 scitu
1343 3087 1552 3158 execraiaris,
1585 3087 1616 3143 ia

332 3203 468 3263 ‘sirrnma,
492 3192 657 3249 uniuersam
678 3192 755 3249 itlius
772 3198 864 3250 stritus
885 3191 1061 3266 lrppocrisirn
1080 3194 1260 3249 seuerissimus
1277 3191 1475 3265 proplipabas,
1497 3191 1524 3247 is
1538 3203 1619 3248 rrune

262 3311 328 3360 sau.
342 3300 430 3353 ‘retro
445 3303 528 3352 actus
542 3294 696 3350 contrariu
710 3297 844 3366 sequaris
862 3304 890 3351 et
908 3310 973 3351 curn
997 3294 1093 3352 liastili
1110 3301 1201 3368 parte
1221 3297 1384 3352 societatem
1404 3286 1522 3351 ineas'?
1542 3307 1651 3350 rur-u

331 3414 394 3455 sura
416 3398 488 3455 alibi
511 3395 578 3466 ‘lini
597 3397 741 3469 sepultam
759 3399 900 3470 pietatem
921 3395 1106 3467 refudimus,
1130 3399 1314 3470 coaripelium
1336 3414 1352 3454 e
1373 3396 1494 3454 latebris
1515 3396 1545 3452 in
1566 3396 1620 3452 lu·

331 3506 400 3558 ‘cem
415 3499 592 3569 reducebas,
613 3498 702 3568 tidem
724 3504 753 3556 et
773 3501 944 3571 retipioncnr
965 3500 1170 3569 instauratos,
1194 3501 1218 3557 is
1238 3516 1318 3558 riuric
1339 3499 1383 3556 ad
1398 3499 1522 3557 c’ariclem
1542 3512 1620 3555 con-

331 3603 531 3673 ‘calcandum
553 3602 741 3671 eiciendum,
762 3602 1008 3675 prosternendum
1026 3610 1055 3660 et
1074 3603 1299 3660 interirmruluni
1313 3618 1434 3677 operam
1449 3597 1619 3676 profiteris!

330 3704 441 3763 Eccrrnes
468 3721 547 3762 rrrrrrc
574 3710 603 3761 et
624 3704 758 3762 dicamus
785 3705 853 3762 lruic
875 3706 1062 3762 criminatori
1089 3722 1151 3763 csse
1178 3706 1294 3779 aliquid
1316 3700 1447 3776 frontis!
1478 3704 1558 3762 kirrie
1587 3704 1617 3760 in

329 3808 446 3865 rnoclian
467 3823 569 3866 canisae
588 3823 731 3865 summam
749 3809 890 3881 proponit
909 3806 1070 3878 llutremrs,
1093 3814 1121 3865 et
1140 3809 1220 3881 pirod
1237 3810 1325 3866 semel
1346 3809 1517 3882 assumpsit,
1544 3805 1653 3865 sub-³⁰

330 3911 399 3969 inde
426 3909 520 3968 uerois
547 3911 616 3968 aliis
645 3917 733 3984 atque
761 3912 828 3967 aliis
861 3912 993 3968 inculcat
1016 3917 1045 3968 ct
1068 3919 1249 3983 esappernt,
1283 3914 1372 3985 pinosi
1402 3910 1482 3983 qrrod
1501 3926 1562 3983 per
1589 3924 1621 3966 se

330 4029 437 4072 arricum
456 4019 511 4083 est,
533 4015 643 4087 sapius
665 4013 862 4071 asseverando
879 4015 934 4083 liat
955 4028 1063 4071 uerum.
1097 4019 1185 4085 atrpie
1204 4014 1252 4073 liic
1270 4014 1395 4087 crpeelit
1413 4028 1525 4071 omnem
1544 4027 1621 4069 ora-

329 4120 415 4176 tionis
435 4117 566 4190 copiam‚
588 4131 701 4174 omnem
719 4118 774 4174 uim
794 4132 831 4174 ae
849 4116 1067 4174 aelienmntianr.
1105 4116 1155 4173 old
1164 4115 1395 4187 firrictamentnm
1410 4117 1495 4174 totius
1510 4115 1621 4173 dictio-

330 4222 377 4277 nis
393 4222 483 4278 inane
504 4225 547 4277 est
568 4234 605 4276 oc
623 4217 782 4289 frivolum,
805 4236 861 4291 nuo
881 4221 976 4290 rricrpis
995 4222 1127 4276 oralimre
1145 4221 1341 4284 tumultncris,
1362 4219 1417 4276 lroc
1435 4219 1529 4289 mapis
1541 4232 1621 4290 per-

330 4324 376 4381 dis
399 4338 507 4396 copinam
528 4328 558 4379 ct
576 4337 716 4395 riporum·
749 4338 842 4393 recurre
863 4324 940 4379 enim
963 4321 1012 4378 liic
1033 4323 1100 4380 licet
1121 4323 1151 4378 in
1173 4338 1266 4379 ecrrrsa
1287 4322 1366 4378 seria
1387 4321 1466 4393 arcad
1490 4322 1520 4377 in
1541 4321 1654 4390 lictisss

331 4427 418 4483 eliam
439 4426 643 4484 controuersiis
662 4426 731 4495 lieri
748 4426 863 4482 solitum
882 4425 1075 4498 reprehendit
1098 4426 1308 4494 pertinuimus,
1336 4430 1367 4480 ut
1392 4425 1458 4495 orris
1484 4438 1537 4480 suo
1564 4438 1621 4479 ar-

277 4545 330 4587 .r.·›.
343 4529 452 4587 iritratu
468 4531 565 4600 tinpat
585 4530 635 4587 eui
652 4527 837 4600 respondent.
882 4526 961 4585 illice
976 4543 1007 4585 se
1028 4534 1141 4601 torquet
1159 4529 1228 4587 elsim
1243 4527 1386 4601 expendit
1401 4525 1505 4599 quitus
1523 4526 1623 4584 causis

336 4682 537 4692 ,.----

403 4763 423 4797 ¹²
441 4767 554 4830 Expost.
569 4767 591 4826 ξ.
609 4765 663 4813 ls-t.
678 4781 736 4830 sqq.
807 4764 826 4796 ¹⁰
845 4763 942 4830 inquit]
967 4766 1079 4829 Expost.
1099 4764 1176 4824 §3:3.
1246 4762 1268 4795 ²⁶
1287 4761 1364 4829 alibi]
1395 4765 1506 4828 Expost.
1525 4761 1621 4824 §.15st

335 4849 356 4881 ²⁹
374 4853 472 4900 Mirum
497 4856 538 4899 cst
562 4856 681 4900 astutum
707 4853 847 4900 Erasnium
876 4866 929 4899 non
953 4852 1155 4916 persentiscere
1181 4855 1282 4915 quanto
1306 4850 1333 4896 iu
1357 4849 1506 4913 Spongiam
1531 4851 1623 4914 potius

335 4953 413 5000 qnam
435 4937 461 4984 in
481 4936 736 5000 Expostnlntianem
755 4937 889 5000 «putrent
908 4951 967 5000 quia
987 4939 1060 5002 ipse,
1081 4938 1158 5000 ‹pinsi
1179 4951 1270 4984 corma
1289 4936 1381 5000 pueris
1400 4935 1557 4983 crudiendis
1576 4934 1623 4983 do-

334 5024 448 5072 cendum
467 5021 521 5070 sibi
541 5028 627 5082 osset,
648 5022 784 5087 proponit.
839 5021 860 5052 ³⁶
879 5019 1005 5084 Quintili
1026 5023 1093 5072 lust.
1108 5039 1145 5071 oc.
1160 5021 1221 5071 xil.
1238 5021 1260 5068 1.
