3934 6034
433 684 614 735 cccnxt'n.
628 702 729 736 nirasau
746 703 805 736 nor.
820 703 856 737 an
870 701 997 737 senarum
1010 700 1246 735 sussuranensis!
1260 701 1302 734 si».
1316 693 1457 735 natare,
1467 695 1524 734 tart.
1561 670 1635 741 413

354 860 413 915 dem
435 858 555 914 liliclluna
578 878 638 915 cum
661 860 788 917 invectiva
811 862 963 924 cniusdam,
989 862 1014 916 iu
1038 879 1092 935 qno
1115 860 1242 935 quicquid
1265 877 1356 915 scurra
1380 860 1490 914 auderet
1513 859 1539 914 in
1562 876 1637 914 scur-

356 962 411 1000 ram
433 944 537 1002 direre.
560 946 685 1016 congerit
709 947 734 1001 in
758 965 812 1009 me.
837 965 878 1002 ure
900 948 1068 1002 desertorem
1092 965 1152 1001 esse
1174 942 1319 1016 evangelii.
1343 962 1385 1000 me
1407 952 1566 1017 corruptum
1589 963 1635 1018 pe·

354 1030 431 1084 cunia
455 1029 553 1085 liellniu
576 1048 672 1103 gerere
695 1032 821 1087 altrorsus
844 1031 1026 1104 evangelium.
1054 1049 1096 1086 me
1128 1031 1216 1086 lrusto
1246 1031 1323 1103 pranis
1351 1029 1464 1085 conduci
1493 1045 1574 1102 posse
1603 1030 1633 1084 ad

355 1115 468 1188 quidvis.
513 1116 576 1188 quid
600 1124 709 1188 oportet
732 1117 892 1172 recensere?
916 1126 990 1173 totus
1013 1115 1121 1172 libellus
1144 1124 1244 1189 prater
1267 1115 1359 1170 insana
1374 1114 1489 1170 comitia
1505 1114 1572 1168 nilail
1590 1114 1635 1170 lia·

333 1199 409 1255 tlict.
453 1200 488 1255 Ea
511 1217 555 1255 res
577 1200 749 1257 veliementer
769 1201 906 1275 displicuit
930 1202 980 1276 ipsi
1003 1201 1084 1256 etiam
1108 1200 1226 1256 laitlrero
1249 1209 1276 1254 et
1297 1199 1509 1260 llrlanelallroni.
1533 1200 1578 1273 qui
1595 1200 1635 1255 in·

355 1284 482 1357 telliguut
504 1285 594 1340 rndlos
618 1286 740 1341 lrouiines
762 1287 848 1358 iringis
870 1287 979 1342 sulficere
1002 1288 1116 1358 negocio
1138 1285 1292 1358 evangelico
1321 1303 1399 1358 qnam
1430 1285 1505 1341 tales.
1550 1285 1635 1359 Expo-

354 1369 517 1425 stulautilms
547 1370 652 1432 airricis,
682 1388 752 1444 quur
780 1370 842 1426 talia
874 1372 988 1430 laceret.
1019 1382 1134 1445 uterque.
1162 1371 1302 1445 respondit
1330 1370 1472 1432 atrociter,
1508 1370 1634 1426 minitans

353 1456 433 1510 etiarn
460 1455 606 1511 acerbiora.
653 1455 772 1517 tandem,
801 1465 831 1511 ut
860 1456 953 1519 audio.
984 1458 1103 1512 monitus
1131 1465 1173 1511 est
1199 1457 1278 1512 etiam
1309 1473 1358 1528 per
1385 1455 1491 1528 aliquos
1520 1474 1551 1510 ex
1581 1473 1634 1511 uta·

353 1541 483 1611 gistratu.
518 1558 551 1596 nc
580 1540 643 1615 quid
673 1542 698 1595 in
728 1549 867 1615 posterum
896 1543 1008 1598 auderet
1037 1541 1139 1603 simile:
1174 1540 1218 1597 ille
1244 1548 1402 1613 contempto
1430 1542 1489 1595 iure
1517 1540 1633 1613 publico.

322 1626 426 1697 ¹⁰quod
459 1625 610 1681 detestatur
638 1625 744 1681 libellos
773 1627 905 1689 latriosos,
937 1636 1091 1700 contempta
1119 1635 1215 1682 restrae
1242 1625 1358 1681 civitatis
1385 1623 1560 1681 saluberrima
1588 1643 1634 1680 ne·

353 1711 523 1783 cessariaqnc
545 1711 741 1768 constitutione
768 1713 857 1769 clerano
887 1713 994 1768 excudit
1020 1714 1134 1768 eundern
1162 1710 1291 1767 libellum.
1337 1712 1376 1765 dn
1404 1727 1456 1783 ego
1485 1710 1551 1766 benc
1580 1728 1634 1765 rne-

353 1794 422 1850 ritus
451 1796 501 1851 sim
528 1795 634 1869 pulilice
662 1797 695 1852 dc
723 1798 834 1862 stanliis,
863 1816 955 1854 oirines
978 1806 1094 1859 aierunt:
1121 1815 1172 1871 pro
1194 1794 1333 1868 evangelio
1355 1796 1527 1869 provehendo
1549 1795 1635 1869 plurr-

353 1897 425 1935 mnm
458 1880 580 1937 laborum
613 1891 640 1936 ct
673 1883 777 1939 invidia
805 1883 936 1946 sustinui;
970 1884 1058 1940 onmia
1092 1882 1210 1938 recusavi
1240 1898 1300 1955 qnae
1329 1881 1393 1936 milii
1421 1880 1558 1955 principes
1586 1880 1634 1936 ola·

354 1965 491 2028 tulerunt,
522 1975 552 2022 ut
574 1967 719 2023 scriberem
743 1969 870 2024 adversus
892 1969 1054 2030 Lntlrerum;
1082 1968 1135 2022 imo
1164 1984 1222 2022 urea
1251 1964 1331 2021 malui
1361 1966 1475 2039 perdere
1498 1984 1577 2039 aquarn
1600 1967 1632 2021 ad

322 2050 466 2105 nunecius
489 2053 656 2124 quorundam
679 2052 797 2108 scrihere
819 2062 913 2108 contra
937 2071 1022 2108 meam
1044 2052 1251 2108 conscientiam:
1274 2059 1379 2105 tantum
1402 2051 1446 2106 isti
1470 2051 1562 2106 leden
1586 2068 1620 2106 no

354 2134 390 2190 lui
413 2136 477 2191 dcuc
500 2153 613 2197 nomen.
643 2155 724 2210 quum
755 2137 848 2193 multis
875 2137 936 2193 aliis
957 2138 990 2193 dc
1012 2137 1118 2198 cerasis,
1148 2146 1204 2192 tum
1234 2136 1269 2192 oli
1291 2136 1342 2191 hoe
1366 2135 1438 2209 qnod
1461 2137 1582 2208 quaedam
1604 2137 1631 2191 in

354 2219 430 2275 libris
445 2222 556 2277 lutheri
573 2239 626 2277 non
651 2222 845 2294 intelligerem.
870 2223 991 2296 quaedam
1014 2223 1124 2279 omnino
1148 2239 1201 2277 non
1226 2221 1382 2295 probarem,
1405 2221 1557 2294 praesertim
1571 2238 1631 2277 cnm

354 2305 380 2359 in
403 2306 455 2361 ista
477 2307 665 2363 coniuratione
687 2308 803 2363 riderem
827 2308 957 2380 quosdam
979 2325 1040 2362 esse
1064 2324 1178 2381 quornm
1203 2324 1292 2362 pieres
1314 2315 1341 2361 et
1364 2306 1499 2361 molimina
1516 2307 1579 2361 milri
1596 2306 1632 2361 vi·

354 2391 484 2447 derentur
505 2392 663 2466 longissime
686 2392 780 2449 aliesse
802 2410 815 2448 a
839 2393 937 2466 spiritu
964 2392 1127 2465 evangelico.
1173 2391 1267 2447 Nullus
1296 2408 1413 2464 unquam
1443 2410 1456 2446 a
1485 2409 1526 2446 me
1552 2391 1633 2446 laesus

320 2483 397 2531 riost
421 2476 460 2532 rel
483 2477 545 2551 qnia
568 2478 662 2533 laverit
685 2478 802 2534 liuthero
825 2477 865 2533 rel
888 2478 950 2552 quia
973 2496 1067 2551 parom
1090 2477 1199 2538 lenierit:
1230 2494 1278 2532 nec
1301 2477 1501 2550 typographus.
1532 2493 1579 2532 nee
1602 2476 1633 2530 li·

353 2560 418 2616 lielli
441 2572 520 2618 autor
542 2581 659 2637 unquam
683 2564 763 2620 verbo
786 2581 800 2618 a
829 2581 870 2619 me
898 2563 980 2619 laesus
1009 2571 1060 2619 est.
1105 2563 1162 2618 [lora
1192 2570 1233 2618 cst
1262 2561 1372 2635 vrrlgare
1397 2563 1498 2618 crimen
1525 2570 1633 2635 accepta

354 2647 467 2720 pecunia
490 2649 605 2721 prodere
627 2649 794 2723 evangelium
818 2649 930 2704 Christi:
961 2649 983 2704 si
1014 2658 1101 2704 restra
1131 2648 1245 2722 aepulas
1274 2665 1327 2703 non
1351 2647 1416 2702 sinit
1439 2647 1524 2702 lurein
1547 2647 1634 2720 impu·

353 2732 453 2793 ultum,
477 2733 527 2789 hoc
549 2732 634 2789 multo
657 2734 814 2791 sceleratius
837 2744 890 2791 tam
913 2734 1068 2808 petulanter
1090 2734 1219 2807 impetere
1242 2734 1351 2807 laniant.
1375 2733 1426 2789 vita
1449 2749 1558 2806 quoqne
1572 2732 1635 2788 claa-

354 2816 469 2879 morem:
493 2818 514 2872 si
537 2817 666 2891 plectitur
688 2820 733 2893 qui
755 2821 801 2875 dat
823 2820 927 2894 alapam
950 2819 1043 2882 alleri,
1072 2820 1135 2894 quid
1158 2826 1338 2875 commeretur
1361 2820 1406 2891 qni
1430 2818 1468 2874 sic
1489 2817 1635 2874 debaccha-

319 2910 400 2956 ratur
422 2903 449 2957 in
473 2902 568 2958 lainam
591 2904 726 2959 hominist
749 2905 807 2960 Non
829 2905 940 2978 postulo
964 2913 994 2960 ut
1015 2915 1102 2961 restra
1125 2904 1258 2960 eelsitmlo
1281 2904 1377 2958 halicat
1399 2904 1530 2959 rationem
1546 2904 1634 2959 aetatis

354 3004 419 3042 meaa
442 2996 488 3043 ant
515 2988 672 3044 meritorum
703 3007 822 3046 nieorum
852 3008 916 3063 erga
945 2990 1051 3064 pnlalica
1079 2990 1182 3051 studia,
1211 3006 1265 3044 non
1294 2990 1393 3044 laroris
1421 3006 1499 3062 quem
1528 3005 1635 3063 semper

353 3073 426 3144 gessi
449 3090 513 3147 erga
535 3074 669 3129 civitatem
693 3074 785 3132 istam.
814 3075 857 3131 cui
887 3077 943 3131 scio
967 3094 1008 3131 nie
1031 3075 1153 3149 plurimis
1183 3074 1279 3129 «tracas
1307 3073 1548 3147 obligatissimurm
1576 3084 1635 3130 tan·

354 3165 410 3212 tum
434 3158 485 3213 lroc
506 3159 637 3215 aclumneo
659 3161 828 3233 prudrutiam
851 3170 979 3222 vestram.
1009 3169 1039 3215 ut
1066 3160 1238 3234 prospiciatis
1260 3177 1314 3233 quo
1337 3160 1443 3221 tandem
1465 3176 1576 3215 evasura
1599 3160 1635 3216 sit

352 3242 446 3298 talium
469 3243 606 3299 laominum
630 3244 750 3313 licentia,
781 3246 803 3299 si
827 3246 953 3320 quicquid
983 3245 1087 3301 libitum
1116 3255 1171 3307 cst,
1200 3244 1309 3319 impune
1336 3244 1450 3300 licuerit.
1495 3245 1518 3300 si
1540 3245 1634 3300 lavetis

318 3326 506 3399 ¹altevanqelio.
539 3329 582 3383 isti
605 3329 721 3403 perdunt
743 3330 925 3402 erningehem:
954 3331 976 3385 si
1000 3331 1093 3386 sanetis
1122 3329 1311 3403 tranquillitati
1339 3328 1468 3403 publicae,
1498 3330 1544 3386 isti
1567 3329 1633 3385 nihil

353 3410 424 3467 aliud
447 3422 509 3468 sunt
532 3431 611 3486 qnam
634 3415 775 3471 seminaria
799 3416 978 3479 seditionum
1002 3416 1025 3470 si
1047 3415 1122 3471 robis
1144 3416 1268 3490 displicet
1284 3415 1374 3487 legum
1389 3414 1555 3488 publicarum
1570 3432 1634 3471 con·

356 3504 489 3571 temptos.
514 3508 544 3554 ut
566 3500 669 3573 optimo
692 3501 751 3556 iure
772 3500 911 3575 displicet.
936 3518 1028 3557 omncs
1052 3501 1169 3556 orrmium
1193 3500 1314 3573 gentium
1337 3500 1412 3573 leges
1435 3500 1506 3555 iuter
1521 3501 1634 3556 atrocis·

354 3582 420 3637 sima
442 3584 553 3639 erimina
576 3594 682 3659 ponunt
705 3585 812 3643 lilicllos
835 3586 961 3643 tatianos.
1008 3587 1058 3641 lles
1086 3586 1200 3641 obscura
1229 3603 1282 3641 non
1311 3593 1368 3641 est:
1398 3594 1478 3641 autor
1506 3586 1634 3642 facinoris

354 3674 468 3742 uterquc
492 3670 548 3741 agit
570 3672 759 3744 depeculatui,
783 3680 810 3727 ct
832 3673 996 3745 profitentur
1018 3672 1131 3732 lactum:
1162 3688 1211 3726 nec
1233 3670 1318 3726 ullum
1341 3671 1440 3726 lactent
1462 3671 1541 3727 linem
1565 3672 1635 3727 insa·

320 3753 460 3816 ttniendi,
491 3754 513 3808 si
541 3756 648 3829 possint
676 3766 763 3812 vestra
793 3756 903 3813 lenitate
931 3775 1038 3832 semper
1065 3757 1147 3813 abuti.
1193 3774 1245 3829 ego
1268 3774 1353 3812 meam
1376 3756 1499 3812 iniuriam
1522 3774 1635 3831 possum

354 3837 441 3902 serre,
470 3840 514 3894 scd
545 3840 698 3897 luriusmudi
726 3841 810 3897 libelli
832 3842 975 3900 conciliant
997 3852 1094 3899 vestrae
1116 3842 1233 3903 civitati.
1261 3843 1303 3898 cni
1326 3859 1378 3916 ego
1400 3860 1431 3898 ea
1455 3843 1544 3899 animo
1567 3843 1635 3898 bene

354 3923 429 3985 rulo,
459 3943 513 3980 non
543 3926 704 3982 mediocrem
728 3928 850 3983 invidiam
873 3929 942 4002 apud
965 3928 1052 3984 bonos
1074 3929 1146 3983 viros
1168 3946 1198 3983 ac
1220 3928 1372 4003 principes,
1401 3946 1516 4002 qnorum
1538 3928 1636 4002 pleris-

354 4027 405 4082 que
428 4027 483 4066 non
506 4028 564 4066 suna
587 4011 697 4068 invisus.
741 4012 810 4069 Bene
833 4014 931 4075 valete.
961 4014 1165 4086 generosissimi
1194 4030 1224 4069 ac
1247 4013 1457 4088 splendidissimi
1484 4015 1544 4070 viri.
1587 4014 1635 4069 na·

352 4093 426 4150 sileae
449 4096 536 4168 pridie
558 4096 760 4160 Bartholomaei,
784 4098 944 4154 ll.ll.llllll'.

351 4259 551 4273 1.-

419 4364 426 4396 ¹
447 4364 598 4431 cuiusdam]
619 4368 730 4417 Ottonis
748 4367 926 4418 Brunnfelsii.
966 4367 1056 4420 ⁵veh.
1077 4370 1162 4421 etiam
1180 4368 1260 4437 displ.
1275 4374 1306 4422 L.
1321 4375 1345 4422 5.
1398 4371 1538 4438 ‘negotio
1559 4375 1633 4426 Μ.

350 4447 427 4500 7ουτ
447 4452 518 4501 3...5.
566 4450 586 4484 ²¹
607 4458 704 4502 auctor
723 4456 747 4502 4.
795 4450 846 4484 ²³³¹
866 4456 1001 4504 cariorem
1021 4459 1110 4506 Mt.
1155 4454 1176 4488 ⁸¹
1190 4464 1231 4499 'tt
1248 4460 1291 4508 Ile
1309 4459 1417 4524 legibus
1430 4459 1552 4524 disputet
1564 4461 1636 4511 idem

352 4536 495 4601 Erasmus,
522 4538 568 4602 qui
586 4537 679 4602 paullo
699 4544 763 4588 ante
782 4554 836 4587 non
855 4539 977 4603 erubuit,
1004 4557 1064 4591 cnm
1083 4542 1218 4592 scriberet
1236 4543 1312 4594 nulla
1329 4544 1392 4609 lege
1417 4545 1527 4610 ‘capite'
1546 4547 1637 4611 puniri

351 4622 396 4685 qni
415 4637 525 4672 uxorem
543 4624 702 4689 prostituat.
722 4624 846 4674 rabulam
866 4640 949 4689 agere
968 4628 1070 4690 potnit,
1091 4641 1145 4676 non
1163 4628 1232 4676 iuris
1244 4629 1375 4693 peritum,
1396 4628 1548 4679 ulciscendi
1559 4632 1635 4694 cupi-

351 4706 479 4757 discimus
498 4709 589 4770 homo,
611 4711 655 4759 cni
674 4710 744 4760 bene
763 4711 856 4761 virere
877 4718 904 4759 et
923 4711 1032 4761 adorari
1050 4714 1257 4777 potentiumque
1276 4714 1372 4763 lavore
1391 4714 1445 4764 frui
1458 4730 1540 4780 snpra
1559 4717 1635 4766 insti-

351 4794 418 4842 tinm
438 4796 638 4860 veritatemque
658 4797 719 4846 suit.
772 4792 824 4827 ⁴⁴⁴⁴
841 4796 947 4845 Basilea
964 4796 1007 4847 23.
1025 4798 1156 4863 Augusti,
1175 4798 1253 4848 Anno
1269 4797 1341 4848 152⁴.
1367 4803 1392 4848 A.
