3934 6034
408 712 621 763 cccxxxttlt.
641 727 829 763 envnnrecsn
843 727 896 761 eno
909 727 1039 762 uvrrsno
1052 728 1088 761 en
1101 726 1204 762 neusin
1218 727 1359 762 erenum
1372 727 1536 762 ncorossro.
1573 697 1645 767 337

425 882 523 962 [itte]
568 904 617 942 en.
642 886 715 942 Sunt
737 903 841 942 rursus
863 889 978 957 quidum
1000 888 1121 952 indocti,
1151 890 1256 942 nullius
1284 889 1395 954 iudicii,
1429 889 1491 943 oitoe
1513 891 1645 957 tmpore,

361 973 581 1037 obtrectatores,
608 974 790 1043 pervicaces,
819 974 1028 1039 intractabiles,
1057 974 1098 1027 sic
1125 974 1234 1027 addicti
1254 972 1392 1038 Lutbero,
1425 980 1457 1027 ut
1479 988 1531 1027 nec
1551 974 1644 1026 sciant

360 1074 412 1113 nec
433 1064 547 1113 scrncnt
568 1059 645 1129 quod
665 1060 746 1112 docet
768 1057 926 1116 Lutbcrusr
954 1065 1063 1112 tontion
1086 1060 1260 1128 eoanqelium
1283 1058 1387 1112 liabent
1408 1059 1437 1111 in
1465 1073 1527 1119 ore,
1557 1059 1644 1129 napli-

357 1150 428 1214 9unl
446 1158 550 1214 preces
572 1150 598 1197 et
625 1159 726 1208 sacro,
756 1150 909 1197 vescuntur
937 1144 1118 1214 quibuslibet,
1147 1151 1174 1196 et
1202 1144 1374 1198 maledicunt
1396 1142 1526 1198 Rornuno
1551 1144 1643 1212 ponti·

336 1231 413 1300 ⁵fici
459 1244 509 1284 or.
533 1229 567 1284 lle
590 1228 642 1283 liiis
664 1235 742 1283 anteo
765 1228 1014 1300 pronuntiavimus,
1038 1228 1110 1301 quod
1132 1227 1166 1281 ab
1188 1227 1327 1299 cvangelio
1343 1242 1397 1282 uon
1413 1235 1477 1282 sunt
1492 1236 1519 1281 ot
1534 1227 1643 1282 doctrino

359 1331 414 1369 uon
437 1312 558 1387 placent:
582 1322 609 1369 ct
633 1321 719 1368 tomen
743 1322 773 1368 ut
796 1312 893 1369 infirmi
917 1312 1050 1368 tolerandi
1073 1323 1136 1368 sunt
1159 1320 1187 1368 et
1209 1312 1349 1373 monendi,
1374 1320 1403 1366 ut
1424 1312 1529 1367 discant
1545 1329 1599 1367 uon
1616 1314 1643 1367 iu

360 1399 468 1455 nomino
492 1407 596 1454 tautum
618 1397 753 1454 considere
775 1407 802 1454 et
825 1398 852 1453 in
876 1397 963 1454 verliis
987 1398 1125 1454 mendacii.
1162 1406 1290 1453 ctetcrum
1314 1397 1358 1453 ulii
1382 1396 1518 1469 publicum
1540 1397 1641 1452 crimen

359 1483 462 1539 nullum
485 1484 645 1546 admittunt,
680 1501 729 1538 suo
752 1482 861 1539 domino
884 1484 997 1538 sinimus
1019 1484 1114 1539 cudero
1136 1491 1183 1538 nul
1205 1491 1291 1538 stete:
1325 1481 1449 1537 lereliont
1476 1491 1503 1537 ct
1525 1482 1642 1555 apostoli

359 1569 508 1625 insolentes
530 1577 556 1624 et
581 1569 754 1642 imperfectos
777 1566 890 1641 aliquot,
924 1568 1088 1643 Quoiuqoom
1113 1577 1230 1641 quaeest
1247 1576 1335 1623 tannen
1351 1566 1514 1640 liucculpo.
1537 1567 1643 1623 etiamsi

326 1664 502 1710 tuvescontnr
524 1653 704 1727 quibuslibet,
735 1654 862 1708 omittant
885 1671 979 1727 preces
1003 1654 1162 1727 papisticus,
1191 1653 1351 1709 meledicunt
1374 1652 1521 1708 behemoth
1546 1662 1571 1707 ct
1596 1652 1643 1707 ln·

360 1740 479 1801 sintlion,
504 1739 584 1795 inodo
606 1738 672 1794 nibil
696 1739 839 1793 admittent
861 1740 933 1811 quod
956 1739 1068 1795 offendit
1090 1738 1267 1794 Christianum
1289 1737 1465 1794 charitatem?

422 1820 521 1901 [suto]
567 1841 617 1880 nn.
641 1825 752 1880 Horum
775 1825 933 1879 inconditas
955 1826 1092 1879 tumultus
1119 1832 1145 1878 ct
1173 1826 1334 1879 inconsulto
1355 1825 1475 1878 carisilia
1495 1825 1643 1894 prinicipcs

357 1918 383 1964 et
405 1913 591 1981 erupistrulus
612 1917 750 1981 superetur
772 1911 942 1980 opprimere.
1010 1927 1060 1966 on.
1083 1908 1166 1965 Molos
1182 1909 1276 1982 utique
1291 1907 1485 1969 coliercclumt,
1509 1908 1571 1981 quio
1587 1924 1642 1963 nott

358 1996 458 2050 lrustro
481 1994 599 2068 gladium
623 2002 734 2067 portant
756 2002 783 2049 el
805 1994 848 2048 dei
871 1994 988 2049 ministri
1011 2003 1088 2055 suut,
1112 1993 1216 2049 ultores
1239 1995 1271 2049 nd
1293 1994 1360 2048 imur
1383 2010 1477 2048 eorum
1501 1994 1546 2066 qui
1570 1993 1642 2066 quod

324 2090 347 2128 1⁵
358 2080 455 2135 mnliim
478 2088 520 2136 est
543 2080 664 2135 iecerint.
703 2079 787 2134 relect
809 2087 898 2134 tuition
920 2097 977 2134 rein
1000 2079 1179 2151 cvoiigelicum
1202 2079 1283 2134 scuris
1306 2087 1333 2134 ct
1356 2077 1516 2133 tumultibus
1533 2078 1642 2133 turlinre

356 2175 383 2220 et
405 2165 490 2221 libere
513 2166 660 2239 praedicare
682 2163 864 2236 csuiigclimn,
890 2165 1103 2237 traditionesque
1126 2183 1202 2238 papan
1225 2182 1256 2218 es
1278 2164 1329 2219 deo
1358 2181 1411 2219 non
1440 2181 1513 2223 esse,
1545 2172 1572 2219 et
1591 2163 1641 2218 ulio

356 2252 477 2323 quiedam
506 2250 675 2305 huiusmodi:
709 2267 768 2304 num
799 2249 849 2304 lmc
876 2250 956 2305 iiiodo
984 2258 1012 2305 ct
1040 2250 1157 2323 aposloli
1187 2249 1338 2305 excitabunt
1370 2248 1515 2304 tumultus:
1550 2249 1641 2310 „Necti

355 2353 448 2391 sumus
471 2336 514 2407 (de
536 2334 619 2391 Paulo
643 2335 731 2407 inquit
754 2333 902 2405 Tertullus)
925 2335 1010 2390 sinim
1034 2335 1104 2390 liuuc
1127 2335 1287 2409 pestiferum
1310 2342 1338 2389 et
1359 2335 1541 2390 concitantem
1571 2334 1642 2388 sedi·

355 2421 456 2476 tionem
479 2421 604 2476 omuibus
626 2420 720 2475 linlteis
744 2421 769 2473 in
790 2420 918 2474 universo
942 2420 1008 2475 orbe
1030 2428 1057 2476 et
1078 2430 1202 2477 uictorem
1219 2420 1343 2475 iectionis
1358 2419 1571 2479 Nazarenomm,
1596 2419 1641 2493 qui

321 2507 435 2561 noctium
459 2506 589 2580 templum
611 2505 782 2579 proplionore
797 2514 910 2561 conatus
925 2514 982 2565 est:
1006 2523 1085 2579 quein
1101 2515 1128 2561 ct
1143 2505 1341 2579 rqqireliensmu
1358 2504 1480 2560 volumus
1495 2504 1642 2560 secuudum

355 2591 443 2664 legem
466 2600 587 2647 nostrum
611 2590 754 2646 iudicare.''

418 2672 517 2753 [tutu]
562 2693 612 2733 en.
635 2676 737 2747 linque
756 2679 807 2748 fiel
829 2676 929 2731 borttnr
955 2679 1039 2742 eleb,
1064 2684 1094 2730 ul
1116 2678 1239 2732 roscillo
1262 2678 1460 2746 corriqaolnr,
1484 2677 1518 2729 de
1541 2676 1642 2746 quibus

355 2764 477 2818 mundus
499 2765 599 2817 merito
627 2763 766 2831 queritur.
838 2779 887 2815 o'r.
911 2761 938 2816 Si
967 2778 1022 2816 riou
1051 2762 1239 2833 corrigentur,
1274 2778 1327 2815 non
1357 2760 1515 2816 ‹loruiitulrit
1543 2768 1640 2821 tamen,

355 2863 441 2919 neque
468 2847 586 2903 dormiet
613 2847 658 2920 qui
687 2847 806 2902 custodit
835 2846 929 2908 lsruel,
962 2864 1017 2901 nou
1047 2847 1107 2901 idco
1134 2864 1187 2901 non
1216 2854 1258 2901 cst
1285 2843 1422 2901 liberrime
1450 2844 1641 2918 divulguudmu

318 2931 473 2987 tsvcrbum.
518 2931 637 2987 visitabit
659 2931 717 3003 ipse
740 2939 793 2986 iiiet
816 2949 898 3004 snper
919 2930 1051 2988 uiulicioru
1074 2940 1214 3005 pastorum
1236 2940 1262 2985 et
1286 2931 1407 3003 requiret
1428 2948 1539 3003 groqccm
1562 2948 1640 2986 suum

353 3017 386 3072 de
410 3017 532 3073 munibus
555 3035 647 3072 corum
672 3026 696 3071 ct
721 3035 828 3072 cessuro
851 3017 944 3077 societ,
968 3034 1001 3071 nc
1025 3026 1135 3090 pnsccmt
1157 3018 1319 3090 semetipsos
1341 3015 1465 3090 iiiuplius.

418 3098 516 3179 [tum]
560 3120 609 3157 nn.
634 3102 682 3155 En·
699 3103 864 3157 Lictlccrann
878 3110 964 3172 prule
979 3104 1049 3172 quid
1062 3109 1104 3156 cst
1119 3104 1195 3172 quod
1208 3116 1329 3172 sperare
1344 3111 1466 3172 qucum?
1502 3118 1554 3158 or.
1570 3100 1639 3157 Niliil

354 3187 406 3242 nisi
428 3186 634 3244 contumelium.
665 3188 814 3246 iuiouiimu,
845 3187 1020 3248 terruitotcm,
1049 3186 1172 3247 exilium,
1202 3203 1352 3247 carcerem,
1384 3185 1507 3248 labores,
1535 3186 1638 3261 plagas.

354 3272 529 3334 seditionem,
553 3273 742 3331 nillictioueiu.
768 3273 970 3331 necessitatem,
996 3272 1183 3343 igiriiinnuiom,
1206 3280 1336 3329 mortem:
1360 3289 1414 3328 non
1438 3290 1498 3345 quta
1513 3272 1565 3346 ipsi
1581 3274 1639 3346 qui·

319 3358 414 3413 sedem
439 3357 593 3417 inserimus,
617 3358 662 3412 sed
687 3375 747 3429 qum
771 3365 796 3411 te
820 3357 978 3417 iiinncbnnt,
1002 3357 1024 3410 si
1048 3357 1179 3412 deieceris
1201 3375 1233 3412 cx
1257 3357 1386 3430 papisticn
1410 3357 1527 3413 lectione
1547 3358 1580 3413 ud
1594 3359 1640 3412 dc·

354 3451 475 3515 spectum
499 3451 525 3497 et
549 3442 676 3516 pusillum
701 3441 776 3496 illum
806 3459 930 3514 premens:
962 3443 1017 3497 lnec
1040 3449 1082 3496 est
1104 3443 1174 3497 cuim
1198 3443 1340 3497 lnermlitos
1364 3460 1504 3498 semorum
1526 3443 1638 3502 (lorium,

353 3536 380 3581 et
405 3528 507 3584 iusticie
532 3546 625 3583 celicum
649 3528 718 3600 cquid
743 3545 798 3584 iiic,
821 3528 886 3581 dicit
909 3528 1042 3582 ilominns.

417 3608 516 3688 [itti]
562 3630 611 3669 un·
635 3614 673 3667 Et
691 3618 792 3683 posteo
816 3614 924 3684 releyal
947 3628 990 3668 rue
1012 3614 1040 3666 in
1065 3614 1339 3683 (lullopcrrnnnium,
1362 3631 1425 3668 cirin
1447 3616 1551 3683 ipsein
1568 3615 1638 3669 Ger·

352 3700 449 3753 mania
472 3699 580 3752 rirdlum
602 3698 707 3755 lnrbcal
728 3699 819 3753 locum
842 3700 913 3752 sans
941 3706 1031 3752 tutrun
1061 3699 1195 3768 malitque
1224 3699 1328 3769 ltospcs
1354 3713 1416 3754 csse
1445 3700 1638 3755 Helvetiorum

319 3792 344 3832 ss
353 3785 549 3839 clancularius
571 3800 656 3854 qccnm
681 3785 841 3838 tlcrmunus
863 3786 943 3853 optol
965 3784 1122 3839 Gerunnnos
1150 3786 1178 3837 in
1207 3787 1269 3839 lucc
1298 3800 1392 3855 apere.
1470 3802 1519 3840 or.
1542 3784 1638 3840 Eadem

351 3867 384 3923 de
406 3886 515 3927 caussa.
550 3886 633 3941 tqttnrc
662 3877 690 3923 tn
720 3868 802 3922 itioris
832 3868 931 3942 lrospcs
959 3886 1018 3923 csse
1042 3867 1222 3924 Helvetiorum
1254 3887 1333 3942 quum
1362 3870 1432 3942 opud
1460 3870 1639 3926 bononienses

352 3953 489 4026 sophistas
512 3954 538 4007 iu
562 3954 648 4026 patna
671 3954 767 4007 sisere.
811 3953 863 4008 Sed
887 3953 1024 4012 imblioin,
1049 3954 1152 4026 inquis,
1175 3953 1290 4010 declino.
1335 3954 1397 4009 Sino
1421 3954 1505 4027 igitur
1519 3964 1547 4010 et
1562 3954 1638 4010 illum

352 4037 447 4095 solutis
470 4056 526 4093 sune
548 4039 681 4094 rationem
704 4038 818 4100 tratione
842 4056 901 4093 istim
927 4039 952 4092 in
976 4037 1126 4112 periculum
1149 4039 1284 4095 coniicere
1307 4057 1337 4094 sc
1366 4040 1439 4113 qood
1465 4040 1556 4113 possis
1578 4059 1638 4095 esa-

350 4122 414 4178 dcre
437 4132 465 4180 et
488 4122 560 4179 nullo
584 4124 731 4180 necessitas
754 4123 857 4195 poscit,
882 4140 935 4177 inm
959 4124 1045 4179 virtus
1067 4133 1109 4179 est
1132 4125 1177 4179 sed
1200 4125 1284 4180 otides
1308 4125 1455 4180 temeritas.

318 4216 344 4255 to
418 4203 517 4285 [esus]
563 4226 611 4264 en.
636 4209 702 4279 lpse
725 4225 788 4263 cum
811 4217 883 4263 essct
906 4210 1057 4265 Bruccltcc
1079 4227 1135 4264 non
1158 4226 1247 4265 uersus
1268 4218 1310 4264 cst
1332 4211 1389 4266 illic
1411 4226 1541 4277 manere,
1563 4213 1640 4282 qnod

352 4295 468 4359 alacer,
493 4301 523 4348 ut
544 4296 605 4364 ipsc
628 4294 783 4358 itterrabul,
807 4296 979 4349 occurrisset
1002 4294 1212 4362 Hocbslrnlus,
1236 4297 1286 4366 qui
1307 4303 1364 4349 lum
1388 4311 1440 4351 nec
1460 4298 1637 4365 princerni,

349 4394 402 4433 nec
423 4380 588 4448 inquisitor,
613 4395 664 4434 ricc
686 4380 751 4434 ullis
773 4379 856 4434 lndlis
878 4381 1052 4436 instructus:
1080 4382 1126 4435 illc
1152 4383 1195 4436 sic
1217 4381 1356 4435 rnctnebul
1377 4388 1560 4436 esurrectione
1583 4384 1638 4438 leo·

350 4480 429 4530 ncnc,
453 4472 483 4517 at
505 4478 535 4518 sc
557 4464 735 4519 subduceret.
804 4480 853 4519 on.
878 4464 925 4519 liic
946 4473 993 4521 urit
1023 4465 1106 4520 lulsus
1135 4483 1164 4520 cs
1193 4467 1220 4521 in
1249 4467 1357 4521 nomine
1385 4466 1558 4539 llognstroti,
1592 4475 1639 4522 aut

350 4547 430 4620 fingis
453 4548 524 4622 qood
547 4547 695 4611 corvilloris;
719 4567 778 4605 uum
796 4549 875 4620 loligo
891 4549 971 4605 olitci·
986 4551 1097 4606 occidit:
1121 4551 1216 4607 eccidit
1232 4569 1294 4606 vero
1311 4552 1361 4607 sic:
1385 4553 1449 4607 tluui
1471 4550 1551 4607 belua
1566 4570 1639 4626 quae·

318 4642 340 4678 ¹1»
351 4634 411 4687 llum
434 4633 537 4688 mulinis
559 4633 706 4695 llinoruni,
737 4653 817 4690 unssn
840 4653 854 4689 n
877 4643 993 4709 tyranno
1017 4636 1136 4691 Roiiruno
1158 4646 1185 4691 ot
1214 4636 1385 4692 suffarcinato
1412 4636 1493 4692 bullis
1523 4636 1640 4694 venisset

351 4717 514 4778 llrtixellum.
550 4728 578 4773 nt
603 4719 748 4775 llnttcnuin
772 4728 817 4775 inu
841 4720 957 4776 vinctum
987 4721 1147 4794 perduceret
1170 4722 1293 4782 ttoiuom.
1328 4730 1374 4778 out
1407 4721 1546 4796 postulato
1580 4724 1638 4778 iuro

350 4804 499 4860 coniiccrct
520 4804 547 4859 iu
570 4822 720 4866 carcerem.
745 4814 857 4877 rogetus
881 4814 923 4861 cst
945 4805 978 4861 nli
1000 4806 1092 4862 umicis
1109 4805 1256 4868 lluttcnus,
1281 4816 1310 4863 ut
1326 4808 1460 4879 uindicqm
1476 4808 1639 4863 subduceret

416 4986 675 5038 ³Lurh.toeot.e.
711 4985 991 5053 iiis..pr0nunt.s.
1028 4988 1193 5039 ¹³eoerc..l.
1228 4991 1450 5056 ”profanaret
1486 4989 1505 5023 ²¹
1526 4991 1637 5057 lgeml.

349 5064 371 5099 ²¹
390 5071 480 5121 viti.
528 5068 551 5102 ²⁵
568 5071 718 5122 malias.
757 5071 776 5104 ³¹
798 5073 890 5124 hored.
907 5077 932 5123 3.
986 5071 1008 5105 ⁷²
1026 5076 1156 5127 iustiti.
1209 5074 1414 5128 “Hochstm-l.
1459 5075 1481 5111 ⁴⁴
1499 5077 1592 5129 bettio
1612 5083 1637 5132 3.

410 5172 542 5225 anrsni
561 5174 629 5225 Ore.
657 5191 720 5227 vot.
739 5176 776 5226 11.
1375 5164 1416 5225 22
