3934 6034
325 670 399 742 352
429 685 608 736 CCCXXXV.
618 702 767 736 currere.
778 702 815 736 an
823 702 937 737 enarer.
947 704 991 737 rr.
1004 688 1198 739 CCCXXXl'l.
1206 705 1240 739 rx
1251 704 1369 738 ossan.
1377 704 1440 738 sor.
1448 703 1485 738 an
1494 703 1524 737 rr.
1532 702 1610 737 am.

342 958 476 993 arrian.
838 940 1101 1017 CCCXXXV
1393 972 1426 1011 ta.
1441 978 1518 1011 sarr.
1532 972 1592 1013 tota.

358 1102 477 1161 altars
495 1117 687 1185 [cnarmvs
705 1123 970 1191 omniscium]
990 1121 1213 1176 sustinuerit
1233 1121 1290 1188 {sn
1308 1123 1575 1188 sarrrsnrmn.

407 1250 503 1308 Nescio
526 1269 581 1326 quo
605 1253 705 1311 infelici
727 1258 823 1329 genio,
852 1258 887 1311 mi
911 1258 1045 1331 Agrippa.
1073 1258 1160 1312 erenit
1189 1266 1234 1316 ut.
1265 1257 1311 1329 qui
1333 1256 1559 1330 diligentissimus
1583 1256 1609 1309 in

322 1336 464 1393 scribendo
487 1338 621 1411 quondam
643 1357 703 1395 esse
724 1359 917 1404 consueveras,
945 1360 1014 1397 nnnc
1037 1360 1070 1398 ne
1092 1341 1185 1397 multis
1208 1342 1315 1415 quidem
1337 1341 1474 1397 mensibus
1497 1340 1529 1395 ad
1552 1341 1610 1413 epi-

323 1421 408 1477 stolas
430 1430 554 1484 nostras.
583 1441 650 1497 quas
677 1425 710 1480 ad
739 1436 766 1482 te
792 1426 853 1481 dedi
882 1444 936 1482 nou
958 1444 1022 1482 saue
1046 1445 1134 1488 raras,
1164 1427 1306 1501 quicquam
1329 1426 1545 1501 respondendum
1567 1425 1629 1479 ili-⁵

322 1524 404 1581 gnum
426 1508 550 1569 duxeris.
578 1509 630 1564 nisi
658 1511 681 1564 si
710 1513 748 1567 rei
778 1513 880 1566 uxortae
908 1510 1080 1567 solicitudine
1103 1511 1239 1567 silentium
1263 1512 1310 1567 tibi
1334 1512 1415 1567 tuerit
1439 1512 1609 1584 imperatum.

321 1591 389 1659 Quid
412 1592 484 1649 aliud
506 1594 578 1649 enim
600 1596 735 1668 suspicer,
759 1596 910 1652 studiorum
934 1607 1043 1652 tuorum
1067 1598 1223 1653 instanciam
1247 1598 1389 1670 ociumque
1411 1615 1440 1651 ac
1464 1596 1561 1651 iustam
1577 1594 1610 1649 li-

322 1677 452 1734 bertatem
474 1680 665 1735 considerans?
693 1679 780 1748 Quare
804 1690 829 1737 te
853 1701 902 1756 per
924 1683 1150 1738 necessitudinem
1174 1682 1272 1738 reteris
1294 1683 1418 1738 amicitie
1441 1681 1609 1736 studiorum·

322 1781 374 1837 qne
395 1763 575 1820 communium
598 1782 667 1839 rogo
689 1775 771 1840 atque
795 1767 933 1829 obtestor,
957 1776 1035 1823 utet
1059 1785 1165 1823 manere
1189 1768 1215 1822 in
1238 1767 1327 1823 olbcio
1349 1776 1376 1821 et
1399 1766 1549 1822 rescribere
1566 1785 1609 1820 ie-

322 1846 369 1909 lis,
391 1847 432 1906 rel
455 1867 526 1906 nuuc
547 1850 570 1905 si
593 1867 647 1905 non
669 1851 702 1906 ad
724 1851 844 1925 singulas
867 1851 971 1912 literas.
995 1864 1022 1907 at
1044 1861 1118 1908 certe
1140 1853 1171 1908 ad
1194 1870 1239 1908 eas
1255 1871 1321 1925 quas
1337 1851 1437 1925 primas
1452 1859 1515 1926 post
1532 1859 1643 1906 tuuuitr

321 1933 493 2009 epistolium.
523 1935 549 1990 in
578 1952 633 2009 quo
661 1936 709 1992 tibi
737 1937 905 1993 cruditorum
933 1947 1091 1993 nostrorum
1113 1937 1315 1993 lucubrationes
1336 1947 1362 1993 et
1387 1938 1549 1993 incrementa
1572 1936 1610 1990 si·

320 2019 441 2092 gniticari
463 2019 604 2094 cupiebas.
632 2021 807 2095 scripseram,
836 2040 956 2097 quasque
987 2023 1103 2079 redditas
1132 2023 1181 2077 tibi
1203 2024 1287 2078 luisse
1309 2023 1373 2078 mibi
1396 2021 1474 2097 plane
1495 2038 1610 2095 persua·

319 2105 380 2161 deo,
424 2109 460 2161 Ac
483 2105 540 2161 ride
563 2123 641 2179 quam
664 2106 713 2161 sim
737 2116 842 2163 tuarum
864 2109 976 2181 cupiens
999 2106 1146 2164 literanmt.
1193 2107 1248 2181 Ego
1270 2109 1322 2163 etsi
1347 2109 1372 2163 in
1395 2107 1495 2162 eisdem
1520 2106 1609 2162 literis

320 2190 353 2245 dc
374 2192 483 2248 domiuo
506 2189 615 2246 Erasmo
637 2191 830 2266 complurima.
853 2194 886 2249 de
908 2191 1113 2267 Oecolampadio
1137 2194 1244 2254 itidem,
1266 2211 1296 2248 ac
1318 2193 1378 2248 aliis
1394 2191 1609 2265 significaverint,

320 2277 400 2333 mitto
423 2276 542 2350 quiedam
565 2276 663 2338 adbuc.
693 2277 791 2350 quibus
821 2296 911 2334 rerum
938 2297 1079 2334 successus
1103 2279 1196 2334 barum
1220 2276 1372 2351 intelligere
1394 2278 1496 2338 valeas,
1520 2277 1642 2350 Spou·¹⁵

321 2362 391 2434 giam
414 2361 536 2418 videlicet
559 2360 659 2416 Erasmi
682 2362 823 2418 adversum
847 2362 1009 2426 llutteuum,
1033 2366 1078 2436 qui
1096 2363 1230 2419 llnttenus
1252 2373 1316 2437 post
1337 2363 1435 2418 editam
1450 2363 1609 2436 Spongiam.

321 2447 378 2502 dies
402 2446 452 2503 iam
475 2448 565 2520 agitor
579 2445 698 2502 decimus
716 2449 827 2509 tertius,
851 2449 919 2522 apind
936 2467 1034 2522 pagum
1051 2449 1208 2522 Tigurinum
1225 2449 1287 2503 latis
1303 2449 1453 2510 concessit;
1476 2445 1611 2503 declama·

321 2533 409 2589 tiones
432 2533 561 2607 quasdam
583 2532 796 2606 Oretilampadii.
821 2551 881 2605 qua·
897 2532 1013 2588 feliciter
1035 2544 1238 2594 successerunt,
1261 2542 1286 2588 et
1311 2533 1451 2588 historiam
1475 2540 1608 2606 praeterea

321 2618 470 2692 tyrannidis
494 2618 519 2672 in
542 2617 684 2672 brabantia
706 2617 897 2691 comprobatae.
943 2620 982 2675 lu
1006 2618 1068 2674 boni
1097 2619 1223 2674 eonsules
1246 2660 1608 2672 ................

321 2703 383 2759 l'ale
405 2711 432 2759 et
455 2702 503 2758 tibi
525 2702 657 2776 persuade
679 2719 721 2758 me
743 2720 885 2758 comesse
908 2705 953 2777 qui
977 2712 1041 2759 tuus
1063 2705 1097 2759 sit
1121 2713 1150 2760 nt
1174 2724 1247 2760 suns.
1292 2704 1417 2765 basilea,
1445 2703 1643 2758 duodecimott

319 2788 501 2863 Septembris.
524 2791 600 2843 ‚lnno
625 2793 700 2848 1523.

321 2972 499 3022 CCCXXXV.
531 2973 660 3039 Agrippa³
685 2972 720 3021 ab
738 2970 917 3035 Nettesheym
940 2974 1009 3038 Epp.
1031 2973 1137 3024 llth'r.
1165 2973 1236 3039 Opp.
1250 2973 1286 3021 ll.
1308 2989 1332 3037 p.
1345 2970 1404 3021 807.
1418 2989 1457 3036 sq.
1487 2971 1525 3019 ci.
1539 2970 1608 3020 edit.

628 3057 662 3107 ad
681 3057 717 3105 n⁰.
732 3057 862 3106 CLXXV.
876 3056 969 3122 (epist.
982 3056 1008 3106 d.
1026 3056 1063 3105 lli.
1078 3057 1137 3108 lun,
1155 3056 1236 3106 tator
1251 3059 1298 3106 cit.

787 3265 792 3270 ·
813 3258 1095 3275 ..-

824 3433 1107 3509 cccxxxvi
1386 3458 1590 3499 ι

403 3609 580 3665 lluldericbus
604 3610 736 3666 llottenns
759 3629 841 3683 eques
865 3611 994 3670 Francus.
1025 3611 1133 3665 irratione
1157 3611 1317 3667 baratonus,
1347 3609 1387 3661 rir
1413 3607 1510 3662 doetus
1533 3617 1610 3663 utra-

320 3713 372 3768 que
394 3694 499 3767 lingua,
529 3713 589 3749 eunt
621 3694 717 3767 religio
747 3697 886 3769 sincerior
909 3698 934 3751 in
957 3697 1096 3751 Germania
1121 3694 1235 3768 primum
1257 3701 1424 3765 emergeret,
1452 3692 1537 3747 multa
1560 3702 1645 3747 au-tss

318 3781 410 3836 dacter
431 3789 459 3834 et
481 3778 566 3834 libere
590 3782 615 3834 in
639 3781 792 3854 pontilicios
820 3790 845 3834 et
871 3781 1052 3836 ltmnanenses
1073 3781 1138 3836 dixit
1163 3788 1188 3834 et
1212 3779 1339 3852 scripsit:
1369 3776 1451 3832 multa
1475 3778 1558 3833 etiam
1581 3778 1608 3832 in

319 3866 456 3940 principes
479 3873 505 3918 et
529 3865 703 3935 neptunius
724 3866 871 3920 civitatum.
916 3866 988 3919 tlbiit
1012 3867 1038 3919 in
1063 3865 1296 3938 peregrinatione.
1320 3880 1391 3918 anno
1411 3869 1484 3921 told.
1508 3861 1607 3917 morbo

351 4048 545 4098 cccxxxvi.
564 4048 644 4097 (bur.
658 4049 963 4125 Gesnerl-ll—ibliQa
982 4049 1165 4124 universalis..
1176 4047 1272 4109 'figuti
1289 4046 1359 4095 tom.
1381 4045 1429 4094 iol.
1449 4044 1497 4094 iol.
1511 4044 1572 4095 3⁴2.

322 4116 709 4128 ——-.--.-—-...

385 4203 458 4252 ²01.
473 4219 556 4268 supra
574 4217 756 4250 numcccni.
810 4202 972 4267 ⁷suspieiet
991 4205 1053 4252 edit.
1106 4204 1116 4230 ²¹
1136 4217 1304 4251 communem
1322 4202 1384 4250 edit.

385 4288 404 4320 '³'
423 4290 578 4353 Spoletinum
596 4292 621 4336 in
637 4288 758 4336 t'droaico
776 4303 797 4332 a.
812 4287 952 4335 Artemidos
970 4291 1002 4337 de
1016 4289 1128 4337 Hiitteno
1146 4296 1245 4351 prmter
1256 4292 1391 4351 sequenter
1402 4288 1501 4333 notatas
1519 4282 1607 4345 (llere-

315 4376 390 4429 clren,
409 4375 571 4437 Scriptaer.
587 4375 669 4421 tiaran.
684 4372 725 4420 II.
737 4389 764 4435 p.
780 4374 857 4434 630.)
875 4376 972 4422 iimnino
993 4375 1063 4424 nibil.
1089 4391 1168 4438 neque
1193 4377 1266 4421 ctrina
1289 4375 1322 4421 de
1345 4377 1424 4420 morte
1447 4372 1540 4434 equite}
1559 4386 1608 4418 nic-

315 4463 403 4511 morioe
420 4462 559 4508 tradidisse
577 4459 664 4506 mimam
683 4459 795 4506 uidetur:

383 4546 442 4594 lloc
467 4561 537 4593 armo
561 4542 877 4605 tjsoxx111.)t{utuehm
901 4543 936 4591 ab
954 4544 1061 4592 Hutteu
1086 4545 1176 4608 Equos
1200 4558 1260 4590 cum
1283 4542 1397 4589 Erasmo
1420 4539 1607 4589 Roterodamo

316 4632 480 4693 Presbytero
497 4628 638 4693 'sbeologo
657 4628 726 4678 iecit
745 4628 994 4692 expostulationem
1014 4629 1040 4676 in
1060 4627 1109 4676 boe
1135 4628 1208 4692 typis
1233 4640 1374 4680 creusam.
1400 4624 1471 4687 quod
1490 4639 1607 4673 causam

315 4715 462 4778 Evangelii
481 4721 507 4763 et
527 4714 666 4763 libertatis
685 4714 770 4762 animi
789 4714 830 4761 sui
850 4715 990 4777 parvitate
1010 4714 1165 4762 deseruisse
1184 4712 1332 4760 videretur.

381 4802 442 4850 Hoc
462 4815 533 4849 anno
551 4799 677 4847 Vlricbua
695 4798 729 4846 ab
747 4799 854 4847 Hutten
868 4798 958 4861 liques
972 4799 1124 4847 (lerinanus
1138 4795 1394 4861 Expostulationem
1413 4808 1474 4842 cum
1488 4795 1606 4843 Erasmo

315 4886 498 4937 lloterodamo
517 4884 611 4934 edidit.
648 4884 698 4932 Cui
717 4885 846 4932 Erasmus
871 4883 1010 4947 respondit
1035 4882 1128 4931 libello
1153 4896 1213 4930 cum
1237 4881 1290 4929 bae
1316 4879 1497 4943 inscriptione
1517 4878 1607 4943 Spon—

314 4974 361 5038 gia
379 4972 486 5021 Erasmi
505 4970 636 5020 adversus
655 4970 816 5033 aspergines
834 4967 961 5015 Hntteni.

383 5057 400 5090 ¹¹
424 5056 495 5107 1524.
514 5057 631 5106 mendose
650 5056 711 5104 edit.
