3934 6034
439 687 512 757 274
610 702 805 755 cccxxxlfl.
827 719 945 754 ananau
959 719 1060 754 sasssu
1074 720 1215 756 snvsnsss
1229 720 1400 756 ssnnnamss
1414 719 1543 755 avnsssn.

438 883 467 932 et
482 873 624 933 Ilutlenus
645 877 716 933 satis
736 882 850 935 atroces
870 877 1052 950 scripserant
1066 880 1096 935 in
1111 877 1332 949 Hoebstraturn,
1354 878 1418 936 lieec
1432 878 1520 936 uerba
1533 875 1718 943 subiecerlm,

440 976 567 1034 ‘Harum
588 979 714 1035 omnium
734 980 961 1036 amarulentiam
979 982 1059 1038 nullo
1075 987 1166 1053 prato
1184 978 1271 1050 serre
1285 982 1456 1053 potuissem,
1478 981 1536 1036 nisi
1550 979 1666 1050 scripta
1681 991 1718 1033 ea

372 1090 428 1140 iat.
440 1081 533 1153 ‘prius
552 1081 696 1150 lepissem,
719 1079 821 1152 auibus
844 1081 887 1138 ael
906 1081 986 1138 lianc
1006 1083 1204 1155 intemperiem
1227 1083 1400 1140 uidebantur
1421 1076 1562 1152 efferati’.
1602 1078 1718 1135 Hacte-

438 1198 494 1239 nus
514 1182 643 1253 epistola
664 1196 737 1238 mea
761 1182 849 1239 uerba
872 1184 1015 1240 recensui.
1058 1186 1123 1256 piris
1144 1192 1240 1242 autem
1261 1190 1415 1256 estusque
1438 1181 1513 1240 adeo
1539 1184 1584 1239 acl
1605 1181 1719 1237 nullius

439 1287 484 1342 rel
501 1284 635 1357 peruersi
659 1284 775 1354 indicii,
805 1293 835 1341 nt
864 1301 920 1342 non
951 1285 1050 1342 uideat
1070 1286 1134 1345 bac
1153 1287 1226 1344 milri
1245 1287 1325 1343 dicta
1346 1302 1386 1343 ear
1406 1272 1516 1357 affectu
1536 1282 1739 1350 Hacbstrati,s

438 1389 488 1445 eui
513 1386 597 1444 lraud
628 1384 714 1442 dubie
744 1387 917 1445 uidebantur
942 1404 978 1445 ea
1008 1389 1228 1446 virulentissime
1255 1385 1390 1462 scripta?
1430 1389 1513 1460 atqui
1538 1386 1593 1443 boc
1621 1387 1719 1457 ipsum

440 1489 519 1562 quod
538 1485 732 1545 llocbstratus
753 1489 825 1546 milri
844 1491 980 1563 larpitar,
1003 1493 1033 1546 in
1053 1492 1147 1563 ipsum
1169 1497 1334 1563 retorqueo,
1357 1492 1408 1563 qui
1426 1491 1487 1546 suis
1502 1489 1622 1561 scriptis
1639 1502 1720 1543 aaa·

372 1603 503 1653 §nasum
534 1588 648 1646 dederit
677 1596 736 1647 tam
765 1593 959 1649 amarulenter
988 1593 1149 1665 scriptioni.
1194 1592 1331 1650 Eiusdem
1358 1591 1526 1666 prudentiae
1552 1595 1607 1658 cst,
1641 1585 1724 1660 qnod

440 1707 528 1765 quum
551 1690 660 1748 alicubi
679 1690 806 1749 scribam
831 1709 876 1750 me
898 1695 945 1751 rei
969 1694 1137 1765 tlreolopieee
1162 1694 1266 1751 rudem
1295 1711 1332 1752 ae
1357 1695 1466 1750 nullius
1487 1691 1605 1760 iudicii,
1633 1693 1724 1761 rapat

441 1795 519 1852 unde
539 1792 612 1849 milri
631 1791 696 1849 brec
716 1808 790 1850 noua
812 1795 942 1866 rnclitas,
964 1802 1018 1853 aiil
1037 1812 1093 1852 non
1115 1797 1280 1867 intettipens
1299 1803 1351 1853 aut
1370 1801 1449 1854 certe
1463 1794 1654 1851 dissimulans
1673 1790 1757 1851 biam

441 1901 566 1956 aliorum
589 1910 750 1953 sermonem
770 1895 896 1968 referri,
925 1913 982 1953 narr
1004 1912 1113 1962 meum,
1142 1912 1198 1969 quo
1216 1905 1312 1955 tamen
1334 1896 1438 1953 abutor
1460 1896 1502 1952 ad
1521 1891 1722 1964 calliaendum

442 1999 476 2057 id
495 1997 574 2072 puroet
594 1996 737 2053 adversas
757 1997 835 2069 ipsos
854 1996 947 2068 facit:
977 2004 1020 2055 est
1041 2005 1137 2056 anilem
1156 1999 1210 2056 boc
1230 1997 1466 2070 efficacissimum
1489 1992 1725 2067 arpumentandi

376 2116 548 2173 §.asperius
571 2101 658 2157 telirm
680 2098 717 2155 ab
738 2100 862 2156 inimicis
877 2106 1048 2173 porrectum
1071 2102 1099 2158 in
1121 2102 1199 2174 ipsos
1214 2107 1392 2173 retorquere.
1430 2098 1487 2156 Hic
1503 2100 1563 2156 seio
1585 2111 1632 2152 me
1653 2097 1724 2153 cla-

442 2202 531 2260 mabit
554 2199 699 2257 Huttemis
725 2202 876 2271 artificem.
920 2204 976 2259 imo
1004 2201 1058 2259 boc
1086 2204 1115 2259 in
1144 2210 1209 2260 arte
1237 2203 1346 2260 dicitnr
1370 2202 1535 2269 consilinm,
1565 2198 1648 2271 quod
1673 2197 1728 2268 aui

442 2320 498 2360 non
523 2303 670 2374 intellipit,
693 2318 730 2359 ne
752 2303 817 2358 uelit
836 2303 931 2361 uideri
947 2302 1118 2374 facundus·
1151 2306 1230 2377 arrad
1246 2307 1273 2361 si
1288 2306 1326 2362 ab
1345 2304 1399 2361 boc
1417 2298 1652 2374 arpnmentandi
1666 2314 1725 2371 ac·
1737 2317 1760 2358 is

444 2423 513 2463 uem
532 2421 586 2462 nec
608 2402 739 2476 caristus
757 2420 810 2462 nec
833 2408 957 2477 apostoli
977 2405 1193 2476 abstinuerunt,
1223 2422 1338 2480 oeqririm
1361 2413 1403 2462 est
1419 2404 1492 2461 mita
1506 2403 1579 2460 dari
1597 2402 1726 2459 ueniam.

377 2519 433 2569 §.sn
445 2507 505 2565 Sed
524 2507 619 2578 mapis
641 2507 794 2563 extuberat
814 2508 943 2564 animam
965 2509 1044 2564 illius
1065 2509 1144 2581 qieod
1164 2508 1316 2566 incudem
1337 2508 1467 2580 sequitur
1482 2506 1622 2578 epistola,
1651 2502 1728 2559 ‘Eas

444 2610 543 2682 ‘ipitur
565 2622 623 2664 non
644 2608 772 2681 simplici
790 2623 856 2665 cum
878 2610 979 2667 dolore
999 2611 1071 2681 lepi,
1102 2628 1181 2669 nnnc
1208 2614 1324 2668 illorum
1354 2625 1433 2666 nrrnc
1459 2615 1538 2665 tuam
1560 2607 1653 2664 ricem
1674 2606 1728 2661 ia-

445 2711 626 2783 ‘pemiscens,
655 2709 776 2766 subinde
800 2716 928 2768 meluens
956 2728 993 2768 nc
1019 2710 1100 2768 bonis
1125 2718 1153 2768 et
1173 2714 1265 2784 aquis
1287 2714 1357 2770 uiris
1378 2718 1436 2768 tam
1459 2707 1568 2767 acerba
1589 2708 1728 2766 conuicia

444 2816 512 2870 ‘aaa
537 2811 652 2868 omnino
679 2813 709 2868 in
737 2812 930 2870 immerentem
956 2819 1088 2870 contorta
1116 2811 1308 2872 bidmentnr'.
1356 2813 1433 2882 (inid
1451 2811 1499 2870 liic
1519 2810 1762 2868 stomacbatnrrm

446 2908 611 2971 Hatlenns?
644 2914 776 2986 sianifica
798 2913 879 2971 livinis
898 2921 927 2971 el
946 2916 1039 2986 arpas
1066 2917 1136 2973 airis
1164 2916 1259 2973 rideri
1283 2931 1334 2973 eas
1356 2916 1492 2988 epistolas
1521 2928 1579 2970 non
1606 2914 1729 2970 omnino

444 3018 474 3073 in
504 3017 700 3073 immerentem
729 3017 865 3089 scriptas.
911 3017 973 3073 ‘sed
993 3016 1106 3089 oblique
1133 3016 1215 3076 dicis’
1244 3019 1337 3091 inquil
1364 3023 1400 3076 ‘et
1425 3014 1572 3088 panerale'.
1624 3029 1728 3071 rerum

444 3120 487 3176 sic
507 3117 683 3191 expediebat
703 3133 802 3175 cerersoe
819 3133 906 3190 quam
929 3118 1061 3189 apebam.
1104 3118 1141 3175 At
1159 3120 1274 3177 interim
1296 3135 1352 3176 non
1375 3118 1461 3175 babet
1481 3116 1561 3189 quod
1581 3120 1731 3188 prematur

446 3218 607 3277 Haltenns:
637 3235 730 3292 neqeie
749 3221 825 3275 enim
845 3220 904 3291 ipsi
921 3221 1051 3291 impinpo
1072 3222 1268 3294 intemperiem
1289 3221 1526 3290 autumnitatem,
1547 3218 1603 3276 sed
1618 3232 1730 3276 accuso

378 3320 663 3384 §.mliocbstratam
716 3320 854 3379 Fortasse
885 3322 927 3378 sic
958 3336 1004 3378 me
1034 3321 1146 3379 nolebat
1173 3322 1316 3380 Ilatlenus
1345 3322 1486 3390 scribere,
1515 3318 1763 3392 ‘Spureissiman

446 3421 581 3492 ‘latrium
604 3419 664 3479 tun*
693 3422 785 3480 audes
811 3424 888 3480 airas
911 3423 1017 3479 bernus
1045 3425 1100 3479 titis
1119 3425 1260 3482 mendosis
1285 3423 1390 3481 libellis
1420 3417 1614 3494 aspernerel'
1647 3421 1730 3478 For-

445 3526 522 3582 sitan
544 3526 586 3581 sic
612 3523 733 3581 decebat
758 3524 886 3582 seribere
908 3523 1081 3593 Iluttenum,
1106 3532 1137 3581 at
1156 3540 1213 3581 non
1237 3525 1357 3582 decebat
1379 3523 1554 3581 Erasmum:
1583 3525 1611 3581 si
1631 3538 1731 3580 sana-

447 3625 511 3683 bilis
529 3624 816 3695 nasammonas,
835 3633 902 3683 erat
923 3632 995 3699 apta
1012 3628 1153 3693 civilitas·
1182 3629 1226 3683 sin
1241 3633 1308 3683 erat
1322 3623 1506 3694 insanabilis,
1530 3626 1628 3696 mapis
1646 3626 1731 3682 illum

380 3727 533 3800 §.saapnal
552 3726 639 3783 bonos
664 3727 812 3799 probabat
836 3743 901 3785 mea
926 3728 1065 3785 modestia
1094 3744 1181 3800 piram
1206 3735 1361 3799 praeesset
1383 3729 1537 3800 procacia.
1583 3727 1731 3784 l'oeterum

448 3845 514 3886 eum
533 3830 557 3885 is
578 3830 658 3887 locas
680 3830 723 3885 ad
743 3835 869 3902 quatuor
893 3831 971 3887 airas
992 3846 1033 3887 erc
1054 3845 1138 3902 aquia
1158 3832 1332 3903 pertineret,
1358 3846 1414 3887 cnr
1435 3844 1488 3885 nec
1510 3828 1645 3900 Capulon
1669 3844 1764 3888 nn-so

448 3946 536 4003 qnam
557 3928 686 4000 offensus
707 3937 762 4001 est,
789 3932 873 3987 cirins
893 3933 1016 4005 epistola
1034 3932 1106 3989 mibi
1127 3948 1193 3989 aere
1214 3931 1399 4004 displicebat,
1422 3945 1478 3987 non
1501 3929 1583 4001 quaa
1600 3944 1732 4001 mapno-

444 4049 518 4106 pcre
544 4033 672 4089 solicitus
695 4047 786 4090 essem
815 4033 888 4103 antid
914 4032 1094 4091 scriberetur
1120 4034 1150 4090 in
1172 4031 1394 4102 Hocbstratum,
1425 4030 1479 4088 sed
1497 4030 1578 4105 quod
1599 4031 1732 4088 dolerem

447 4135 584 4208 optimam
606 4150 703 4191 senem
725 4134 768 4191 ad
787 4141 899 4192 tantam
919 4137 1013 4192 animi
1031 4135 1280 4207 pertrabationera
1298 4134 1487 4206 perductum,
1509 4139 1655 4205 oneratam
1678 4136 1732 4191 illa

447 4253 514 4309 pra
540 4252 571 4293 se
595 4234 714 4306 screbat
739 4238 872 4309 epistola.
919 4237 978 4294 Cur
1008 4253 1066 4294 non
1092 4244 1135 4293 ast
1157 4235 1285 4306 allerisns
1312 4230 1481 4292 Ilaselriusl
1519 4234 1596 4291 Nam
1626 4250 1733 4305 comes,

450 4341 496 4396 nir
515 4339 727 4396 emunctissimo
747 4339 867 4408 incilicia,
897 4338 1057 4395 delectatus
1075 4345 1118 4396 est
1139 4334 1225 4395 etiam
1245 4339 1297 4395 illa
1316 4338 1452 4409 epistola,
1475 4342 1504 4392 el
1522 4338 1644 4407 pratias
1663 4339 1768 4409 rpite,

383 4440 531 4514 §.bonoad
554 4456 704 4512 nimquam
724 4439 798 4511 fecit
820 4439 1021 4497 lloclistrntas.
1066 4440 1212 4498 Postremo
1232 4453 1287 4495 cur
1309 4435 1452 4495 Huttenns
1473 4437 1531 4494 bae
1553 4438 1591 4495 de
1617 4456 1653 4497 re
1675 4457 1734 4498 non

451 4543 647 4616 expostulavit
672 4557 800 4616 metim,
831 4558 897 4599 cnm
925 4550 999 4599 esset
1028 4542 1057 4598 in
1086 4534 1277 4598 Brabantia?
1312 4541 1371 4596 iam
1399 4542 1475 4597 enim
1505 4541 1640 4598 nolanum
1668 4548 1739 4599 erat

451 4644 579 4701 reditum.
617 4643 680 4702 Hoc
693 4660 759 4702 cum
779 4646 821 4701 ita
840 4645 1030 4717 perspicrium
1048 4645 1098 4710 sit,
1121 4649 1152 4699 ut
1171 4644 1216 4699 nel
1236 4654 1328 4712 coeco,
1351 4641 1430 4713 quod
1448 4644 1547 4710 aiunt,
1572 4650 1737 4715 appareat,

451 4761 588 4817 quorsum
614 4748 717 4803 attinet
740 4748 790 4803 ille
814 4746 966 4803 uerborum
987 4747 1125 4802 tnnmltus
1146 4759 1230 4816 quem
1251 4744 1299 4801 llic
1321 4744 1432 4801 oscitat
1451 4742 1595 4801 lluttenus
1618 4746 1658 4803 de
1680 4763 1738 4804 sua

452 4850 513 4904 leni
532 4848 741 4922 moderataque
766 4850 936 4922 scriptione,
967 4848 1003 4904 de
1030 4846 1160 4903 mirabili
1183 4847 1235 4902 illa
1265 4846 1385 4902 ueritate
1409 4846 1492 4901 anius
1515 4845 1623 4917 ubique
1645 4857 1773 4917 lena-40

386 4951 584 5005 §.tlensium
610 4957 663 5020 est,
693 4952 729 5009 de
757 4967 822 5009 mea
849 4933 963 5007 lebitnte
991 4966 1028 5005 ar
1053 4927 1258 5005 simulatibne?
1295 4945 1439 5003 liuttenus
1467 4963 1513 5004 me
1541 4955 1649 5007 autore
1679 4967 1739 5009 noa

454 5053 542 5123 acepit
565 5069 626 5110 esse
655 5054 744 5112 bostis
770 5052 962 5111 llorlrstruto:
996 5052 1055 5107 iam
1083 5050 1173 5106 enim,
1192 5046 1382 5120 Triumphum
1413 5049 1442 5103 in
1471 5063 1537 5105 eum
1570 5053 1743 5126 scripserat
