3934 6034
1556 680 1624 750 281

352 888 408 930 non
433 875 582 944 rnlaarem
604 886 677 942 eran
700 870 892 929 limrcttirrnm
910 867 1182 944 praeseferebat,
1209 876 1238 927 et
1265 869 1402 942 qnondam
1423 886 1478 927 saa
1500 871 1530 928 in
1549 872 1630 928 iilam

354 973 456 1046 officia
478 972 730 1032 commemorabat.
773 972 904 1044 Denique
926 987 1014 1044 qaam
1036 971 1101 1029 icero
1121 972 1243 1043 epistola
1258 986 1324 1029 cam
1339 973 1488 1044 plerisque
1507 975 1698 1030 cirtensem.

352 1079 390 1134 sit
411 1093 523 1135 emensa
546 1074 686 1136 Basileon,
709 1091 754 1132 me
778 1080 836 1131 tam
859 1081 963 1146 oaente
985 1076 1014 1130 in
1039 1071 1221 1141 draitonam,
1242 1090 1297 1131 cnr
1319 1090 1375 1131 non
1397 1082 1508 1131 matam
1532 1082 1588 1141 est,
1607 1077 1634 1132 si

351 1179 511 1251 stratilatat
533 1171 747 1235 Beaclclinnm?
765 1182 843 1233 certe
865 1176 910 1232 ins
928 1174 1063 1246 feceram
1079 1173 1252 1246 actitasdam
1274 1176 1364 1233 doctis
1380 1178 1496 1246 amicto,
1520 1183 1550 1235 nt
1564 1193 1632 1234 ma-

331 1287 452 1337 starent
472 1296 653 1353 aaacnnaae
672 1280 784 1335 retient.
830 1282 922 1347 ‘tatia
948 1279 1010 1350 inse
1037 1292 1093 1334 noa
1114 1273 1278 1335 mutabas?
1305 1279 1424 1350 inardet.
1468 1281 1538 1352 arria
1559 1280 1634 1337 nilril

354 1385 427 1440 mali
447 1382 630 1455 suspicabar.
675 1383 768 1449 ‘tinctor
789 1381 880 1452 initur
901 1380 969 1437 allis
990 1374 1185 1437 mandatas?
1214 1381 1285 1453 qaia
1305 1382 1407 1438 melias
1426 1388 1534 1438 norant
1553 1381 1632 1454 affe-

353 1492 416 1540 ctas
439 1485 607 1541 Germanica
634 1490 663 1540 el
686 1499 726 1540 en
752 1498 785 1539 re
805 1482 949 1555 prementi
972 1479 1097 1551 famlias
1121 1489 1188 1539 erat
1216 1484 1274 1540 illis
1291 1484 1426 1540 indicare
1444 1500 1532 1557 attam
1553 1485 1633 1543 milri.

354 1585 446 1654 ‘iiam
467 1588 557 1657 iaitnr
579 1586 627 1643 liic
648 1585 722 1641 nilrit
741 1582 892 1641 materani
911 1578 1029 1640 amici?
1051 1585 1121 1655 atria
1143 1600 1200 1641 non
1222 1583 1368 1642 habehant
1386 1588 1484 1644 ocellos
1504 1584 1633 1656 Hntteni,

353 1690 405 1759 ani
424 1690 553 1744 animam
576 1688 695 1745 inducit
714 1686 787 1743 nitit
807 1663 864 1742 non
883 1686 1065 1743 calumniari
1084 1687 1113 1742 in
1136 1685 1275 1756 Kromna,
1302 1693 1330 1744 et
1350 1686 1418 1745 hiric
1439 1688 1496 1744 siti
1515 1689 1634 1746 lotidem

320 1797 456 1862 rosirerat
472 1791 642 1846 maninarm.
687 1791 779 1857 ‘tinae
796 1783 907 1844 scribis'
928 1788 1023 1860 inanit
1044 1788 1090 1844 ‘de
1110 1803 1167 1860 arro
1189 1784 1335 1847 aooirasl'
1358 1792 1428 1863 qaia
1440 1793 1533 1863 potnit
1546 1793 1633 1849 eliam

354 1894 417 1965 ipse
434 1893 534 1950 Satias
555 1892 665 1950 aliendi
681 1890 761 1962 [atti.
808 1888 886 1959 (laid
904 1894 1001 1947 teretem
1023 1888 1102 1947 istud
1122 1888 1272 1961 referebat
1296 1892 1340 1949 ad
1356 1890 1473 1963 famam
1493 1893 1623 1967 Capnio-
1635 1900 1702 1950 §.¹¹³-

355 1996 414 2064 nr's,
442 2010 482 2049 aa
514 2009 612 2050 ceram
638 1999 712 2050 esset
737 2008 791 2049 aec
818 2007 854 2049 ne
880 1991 960 2064 qaod
986 1988 1172 2049 scribebam?
1199 1992 1293 2051 Porro
1314 1996 1384 2065 qnia
1407 2011 1463 2052 aon
1486 1994 1643 2088 dictitabat·

356 2096 557 2152 aelrnirntnros
578 2110 689 2166 omnes,
711 2111 766 2152 cor
788 2109 841 2165 egro
859 2095 903 2151 sic
922 2102 1031 2163 amato,
1052 2095 1095 2151 sic
1112 2095 1277 2167 eradicato
1298 2095 1459 2155 Reacirlino
1476 2099 1553 2155 mate
1573 2098 1636 2154 oet-

355 2202 426 2267 ion,
452 2196 573 2270 astinail
600 2213 707 2255 caasas
739 2197 979 2253 inhumanitatem
1006 2201 1034 2252 et
1059 2196 1210 2253 invidiam.
1261 2198 1350 2270 Alani
1374 2215 1429 2256 cnr
1457 2214 1514 2256 non
1537 2202 1637 2274 potins

325 2300 525 2371 ndatrmoiro,
554 2300 724 2357 consiliario
753 2298 880 2355 Cresaris
904 2313 941 2355 ac
967 2314 1002 2355 re
1026 2296 1171 2371 samanae
1196 2302 1317 2370 florenti
1337 2301 1515 2371 invidebam,
1547 2317 1635 2375 qnam

356 2404 441 2474 lanso
456 2404 572 2474 lamone
586 2417 625 2458 ea·
639 2403 756 2458 console
769 2400 853 2471 facto
869 2395 1000 2458 rhetori?
1012 2398 1105 2469 (trram
1119 2400 1183 2458 trec
1198 2403 1244 2458 illi
1256 2403 1331 2460 dare
1344 2419 1510 2477 pararnqne
1521 2420 1560 2462 ex
1571 2412 1636 2462 arte

354 2506 479 2575 conficta
500 2499 589 2561 sant?
612 2502 669 2560 Hic
689 2503 762 2560 milii
781 2508 897 2576 reportes
916 2503 1013 2573 aelim,
1036 2504 1164 2561 candide
1180 2505 1284 2573 lector,
1304 2507 1378 2579 antid
1393 2504 1505 2577 frontis
1522 2505 1704 2564 trabeati-¹¹⁴·

357 2606 511 2676 llntlenns,
527 2608 579 2679 arri
594 2616 652 2664 tam
668 2607 842 2678 irediorratar·
857 2604 972 2677 aliquid
985 2604 1060 2662 latis
1075 2606 1197 2678 asperat
1213 2608 1321 2676 amica,
1342 2623 1430 2680 arerem
1450 2611 1513 2681 ipse
1532 2615 1638 2667 temere

357 2707 432 2765 nitril
452 2724 509 2765 non
528 2711 661 2766 criminis
681 2709 830 2778 confinaat
850 2708 880 2763 in
898 2707 1040 2763 amicam:
1062 2708 1166 2764 etenim
1187 2715 1287 2779 posteo
1309 2725 1398 2781 qaam
1420 2711 1449 2767 in
1472 2711 1529 2768 trac
1545 2728 1638 2769 eanrsa

322 2812 517 2867 moamsstma
539 2810 631 2882 diana
653 2817 740 2882 alance
760 2809 884 2881 indiaao
907 2807 1104 2866 debacchatus
1124 2815 1197 2867 esset
1217 2810 1247 2866 la
1264 2826 1325 2881 me,
1348 2813 1402 2869 tali
1420 2814 1546 2871 transita
1562 2829 1638 2887 per-

356 2915 401 2985 ait
420 2913 463 2969 ad
483 2920 592 2970 catera
613 2914 749 2971 crimina.
794 2908 843 2967 ‘Ul
864 2907 973 2968 oideas'
1001 2911 1095 2982 inaerit
1121 2912 1207 2968 ‘scire
1234 2927 1286 2970 nos
1307 2919 1336 2970 et
1361 2914 1522 2987 intellinere
1550 2931 1638 2988 arcam

360 3016 534 3073 ‘decreveris
558 3016 656 3071 onaria
682 3029 820 3086 perverse
838 3028 937 3084 ancre
966 3014 1018 3085 qni
1041 3018 1069 3068 et
1093 3011 1281 3070 benemeritos
1301 3016 1399 3073 odiose
1419 3017 1584 3083 insecteris,
1611 3024 1640 3075 et

360 3122 439 3189 ‘arros
462 3117 551 3174 lentes
573 3115 789 3188 infestissimos,
810 3112 898 3184 sertia
922 3113 1026 3186 tetrique
1047 3114 1217 3172 adulatione
1231 3112 1355 3189 palpes'.
1400 3118 1492 3191 Atanre
1514 3118 1562 3176 irio
1584 3135 1628 3176 me
1640 3129 1706 3178 §.ns

358 3235 463 3275 rnrsns
489 3234 541 3276 sao
568 3218 715 3277 arbitrata
743 3220 904 3289 loaaentem
931 3214 1010 3286 facit
1036 3216 1073 3275 de
1097 3214 1210 3275 dicatas
1232 3217 1399 3275 Academiis
1419 3219 1595 3278 lovaniensi
1613 3229 1641 3278 et

321 3335 347 3372 rs
359 3320 535 3387 Coloniensi,
557 3322 612 3378 sed
623 3322 665 3378 sic
677 3330 708 3377 nt
720 3321 885 3393 anicianae
906 3318 1025 3390 tenerit,
1044 3320 1123 3377 illico
1130 3319 1267 3392 phrasim
1285 3327 1429 3392 nanoscat
1442 3320 1638 3388 Hattenicam

358 3422 412 3479 troc
433 3431 475 3479 esi
497 3424 652 3494 traaicam.
698 3421 769 3479 lla’c
785 3437 879 3494 porro
894 3436 1008 3478 samma
1029 3421 1161 3478 criminis
1177 3429 1235 3478 est:
1256 3422 1326 3480 Cam
1347 3407 1423 3481 diras
1441 3424 1509 3481 illas
1526 3425 1640 3482 acade-

358 3526 432 3581 mias
454 3527 483 3580 in
508 3525 659 3596 collooniis
675 3526 834 3580 amicornm
856 3538 1037 3596 maanopere
1057 3522 1240 3590 damnnrtm,
1262 3540 1341 3581 none
1356 3526 1385 3581 in
1403 3526 1531 3598 epistolis
1546 3526 1639 3585 tono-

357 3627 440 3695 rifice
456 3626 492 3682 de
505 3628 548 3683 eis
562 3628 676 3697 toqnar.
724 3624 802 3694 (incid
816 3641 870 3698 eqo
888 3621 1000 3683 andin?
1020 3640 1061 3682 an
1076 3641 1206 3698 ernqaam
1224 3642 1289 3683 enm
1309 3628 1371 3684 alta
1389 3628 1544 3686 academia
1559 3629 1632 3686 milii
1641 3641 1706 3692 §.na

357 3728 463 3785 bellarm
478 3724 561 3798 fait?
582 3744 620 3784 an
643 3728 707 3785 ideo
725 3743 781 3784 aon
801 3734 844 3785 est
862 3729 1072 3799 florentissima
1093 3727 1247 3785 acordemia
1261 3727 1465 3799 lovaniensis,
1489 3732 1568 3803 qaod
1580 3732 1642 3788 iilic

323 3831 468 3901 totiliaaot
494 3831 593 3888 stolidi
610 3835 746 3903 inanirent
769 3830 911 3888 adversos
938 3830 1029 3889 tortas
1051 3826 1175 3889 literas?
1202 3846 1242 3887 aa
1264 3846 1321 3889 non
1344 3831 1436 3889 liabeo
1463 3838 1492 3889 ct
1514 3833 1641 3890 Critonio

357 3933 462 3988 maltos
483 3933 535 4004 arri
553 3932 626 3990 arilei
642 3932 712 3989 berre
734 3934 832 3990 colant
853 3941 881 3990 el
901 3934 953 4004 qai
969 3931 1077 4004 sanent
1096 3931 1263 3990 melioribus
1279 3929 1408 3992 stndiis?
1436 3933 1560 4004 mondo
1582 3951 1640 3991 ern-

357 4049 445 4105 oaorn
456 4034 585 4106 probari
599 4029 713 4092 medos?
735 4034 823 4092 tortos
837 4051 903 4093 cero
918 4051 973 4092 car
989 4035 1108 4094 debeam
1123 4031 1288 4094 incessere?
1305 4034 1369 4094 Hoc
1382 4052 1450 4094 nero
1463 4052 1630 4108 nonomen-
1642 4047 1708 4097 §.tlt

358 4143 417 4193 tam
442 4137 507 4193 cide
529 4137 632 4210 actions
656 4136 749 4194 meroes
773 4142 954 4209 exanaerat:
981 4134 1048 4195 ‘Ta’
1071 4138 1166 4209 ircqnit
1187 4140 1353 4195 ‘conversas
1375 4137 1564 4196 blaridissime
1584 4140 1642 4196 illis

362 4239 558 4296 ‘commendas
573 4246 616 4306 te,
633 4239 843 4311 laridandoone
859 4239 1032 4296 academias
1047 4239 1116 4296 illas
1131 4255 1207 4311 pene
1224 4237 1344 4297 Athenis
1356 4238 1496 4314 prefers,
1513 4248 1642 4299 nostram

322 4341 483 4396 :n‘tnrans
513 4341 671 4398 arrdaciam
698 4343 750 4414 ani
775 4343 839 4398 illos
869 4340 1066 4399 torneatores
1092 4350 1120 4398 el
1150 4338 1365 4414 Tleeoplrrastos
1390 4338 1641 4400 incessiverimas’.

372 4442 441 4511 sitris
461 4459 517 4500 non
536 4442 615 4500 ridet
631 4443 710 4501 toric
723 4443 1015 4515 nrandttoaaentiam
1033 4443 1075 4499 ad
1087 4458 1149 4500 rem
1165 4445 1283 4501 minime
1299 4440 1501 4517 respondere?
1522 4443 1629 4518 Sospi-
1641 4455 1709 4505 ints.

357 4560 410 4602 cor
429 4544 586 4602 llailennm
610 4546 658 4603 liic
684 4544 827 4616 offensam
852 4547 989 4619 epistota,
1018 4560 1105 4618 arram
1130 4544 1226 4602 scribo
1248 4544 1387 4618 theotonis
1405 4544 1641 4616 lovaniensibus,

426 4712 446 4744 ¹⁸
465 4729 512 4762 oar
530 4719 601 4762 nori?
620 4715 683 4777 qnia
702 4714 826 4762 ‹lnnmvir
846 4713 970 4776 idemque
984 4711 1159 4761 consiliarius
1173 4712 1291 4762 (insano
1305 4715 1444 4777 potentior
1457 4728 1536 4778 qoam
1550 4714 1642 4763 rhetor

358 4799 512 4848 videbatur.
584 4798 604 4829 ¹¹*
624 4796 692 4864 ipse]
713 4800 810 4852 lmnm.
831 4812 918 4861 neque
938 4797 1068 4845 mentioni
1086 4797 1238 4858 Hnttenns,
1266 4798 1390 4858 Brasme,
1415 4813 1503 4864 nequo
1528 4799 1554 4848 in
1575 4800 1640 4848 ami·

359 4899 427 4943 cnm,
447 4884 494 4932 sed
514 4886 541 4932 in
560 4890 587 4931 to
607 4899 684 4947 qnmn
705 4883 930 4931 calumniatorem
950 4882 1119 4946 expostulat.
1144 4896 1232 4946 neque
1258 4898 1274 4931 a
1299 4889 1377 4946 tergo
1396 4882 1577 4933 clandestinis
1595 4902 1640 4935 ve·

358 4969 435 5016 nonis
455 4968 607 5016 adulatorie
628 4973 654 5015 te
674 4966 844 5031 adgreditur,
865 4972 893 5014 nt
913 4972 943 5015 tu
961 4966 1130 5032 (lapnionem
1154 4967 1256 5016 rosisti.
1300 4964 1320 4998 ²¹
1340 4964 1404 5033 inm]
1424 4969 1536 5034 Expost.
1549 4972 1572 5030 5.
1585 4969 1640 5019 112.

357 5050 379 5082 ⁸³
398 5049 596 5118 inq.],1⁶2xpost.
610 5054 633 5113 5.
651 5051 705 5100 114.
