3934 6034
312 658 385 729 302
483 673 681 725 cccxxxnl.
702 690 821 725 sensam
833 690 937 725 sussen
950 690 1093 728 rovenses
1107 691 1280 727 deessemus
1294 692 1426 727 nvsssss.

304 850 470 921 postulasse
492 847 626 905 dictionis
645 849 848 920 oeconomiam,
876 855 908 906 ut
933 851 1072 924 pontifice
1099 853 1256 910 conciliato
1280 852 1379 910 odium
1401 853 1432 909 in
1454 849 1598 924 quosdam

310 948 507 1021 transferrem
528 952 580 1024 qui
599 967 662 1009 rem
678 966 790 1024 parum
810 950 916 1009 deatre
935 952 1081 1024 parebant
1097 956 1212 1012 nomine
1231 955 1388 1029 pontificis.
1432 970 1527 1027 neque
1546 959 1598 1010 la-

310 1068 375 1111 mea
394 1051 509 1124 salsum
529 1058 573 1111 esl
591 1054 671 1127 quod
690 1055 812 1127 scripsi:
831 1052 916 1125 sanet
936 1057 1013 1112 enim
1027 1058 1163 1128 pontifici
1184 1058 1314 1131 quisquis
1330 1058 1412 1132 cupit
1430 1056 1513 1114 illum
1527 1070 1598 1113 rua-

310 1158 390 1214 aime
408 1158 518 1229 florere
538 1155 651 1214 dotibus
672 1158 847 1230 apostolicis.
890 1159 959 1215 licet
976 1158 1072 1216 odisse
1085 1158 1209 1218 Leonem
1226 1168 1255 1218 et
1273 1165 1369 1218 tamea
1390 1157 1498 1230 seruere
1516 1173 1599 1233 pon-

241 1261 407 1330 t.ris.tlfici,·
435 1260 487 1331 qui
504 1256 589 1328 sanet
610 1258 779 1330 arolesactis
804 1261 990 1333 pontificum,
1019 1277 1076 1318 noa
1102 1259 1186 1332 sanet
1204 1261 1398 1336 pontificibus.
1447 1259 1551 1319 Oliicit
1570 1267 1620 1318 ets

308 1362 376 1434 luna,
399 1361 479 1435 quod
498 1362 577 1419 illius
600 1361 678 1420 sedis
699 1364 884 1420 assimilarem
905 1369 945 1421 lot
965 1365 1070 1421 seculis
1090 1373 1228 1436 seqiartus
1249 1372 1292 1424 est
1307 1363 1385 1422 oriris
1400 1362 1595 1421 Christianus.

311 1464 395 1535 (lirod
415 1465 524 1538 scripsi
542 1480 643 1521 ererum
664 1470 722 1535 est,
751 1471 780 1522 et
804 1467 916 1522 retinam
933 1471 1079 1539 perpetuo
1100 1477 1284 1539 sequeretur,
1313 1466 1398 1524 modo
1419 1467 1472 1524 illa
1493 1473 1598 1537 apere!

309 1569 460 1641 nepocium
484 1566 606 1624 Clrrisii:
629 1565 773 1627 llutterrus
787 1570 909 1639 elamat,
932 1568 965 1625 id
982 1584 1132 1642 autequam
1152 1567 1307 1640 faurum:
1329 1579 1360 1628 at
1376 1584 1428 1627 nos
1440 1583 1597 1642 speramus

240 1682 306 1732 §.ern
319 1672 455 1740 meliora,
474 1671 641 1743 prasertim
664 1669 719 1727 lroc
736 1672 882 1743 pontifice.
931 1667 1032 1728 Utrum
1055 1676 1151 1729 auteur
1176 1675 1306 1731 sanetius
1325 1678 1382 1743 est,
1404 1672 1489 1745 sequi
1506 1677 1595 1728 aulo-

307 1774 423 1831 ritatem
443 1772 590 1846 pontiticis
605 1770 747 1843 Romani,
771 1789 810 1830 αα
834 1774 918 1845 sequi
935 1776 1120 1832 autoritatem
1136 1770 1278 1833 Hutterrr'?
1299 1791 1367 1833 nam
1381 1774 1424 1832 ad
1436 1774 1516 1833 lrarrc
1529 1776 1593 1832 col·
1606 1787 1629 1829 a

306 1877 444 1933 lationem
467 1874 592 1931 adtribui
611 1874 720 1933 dictum
743 1874 812 1948 lroc,
840 1875 1086 1948 quemammodum
1114 1882 1143 1935 et
1160 1877 1238 1934 illud
1258 1877 1338 1950 quod
1357 1877 1454 1936 obiicit
1476 1876 1513 1934 de
1533 1892 1595 1934 au-

307 1980 422 2037 toritate
444 1976 521 2034 orbis
541 1991 684 2034 consensu
704 1983 744 2036 tot
769 1979 876 2035 secedis
902 1978 1109 2052 comprobata:
1134 1986 1325 2052 arqumeator
1351 1981 1429 2038 enim
1457 1979 1594 2037 dandam

309 2082 438 2152 oerrinm,
466 2081 494 2138 si
519 2081 549 2138 in
576 2080 664 2138 reims
690 2081 883 2138 conmorersis
911 2079 995 2138 horno
1017 2096 1131 2155 porum
1154 2083 1256 2140 diutius
1276 2097 1385 2155 sequar
1406 2083 1593 2140 autoritatem

307 2183 436 2241 Romani
452 2184 599 2257 pontificis
618 2185 818 2256 potiusquam
842 2181 929 2239 leuius
946 2190 1000 2241 aut
1016 2185 1110 2242 illius:
1132 2185 1307 2257 quibusdam
1328 2186 1406 2243 enim
1429 2183 1506 2243 illud
1521 2186 1594 2242 salis

307 2294 363 2360 est,
387 2292 419 2344 ut
437 2285 564 2344 credaut
590 2285 670 2358 quod
689 2283 835 2342 lutlrerus
857 2285 949 2356 dixit,
971 2270 1072 2355 αὐτὸς
1092 2282 1156 2363 ἔφα
1164 2307 1173 2343 .·
1201 2287 1256 2345 lioc
1276 2288 1304 2345 si
1324 2286 1470 2344 Lutlrerus
1484 2293 1627 2361 postu-1⁵

238 2400 305 2450 ima
317 2393 371 2461 lat,
395 2390 518 2458 insanit,
541 2389 568 2445 si
583 2401 641 2445 non
653 2388 797 2461 postulat,
821 2389 974 2445 insumunt
987 2389 1040 2446 illi.
1085 2387 1168 2447 Certe
1189 2394 1303 2448 constat
1319 2396 1421 2463 postea
1444 2389 1592 2447 Crucium

306 2508 418 2566 quoque
441 2492 471 2548 in
486 2489 615 2548 Romani
630 2490 778 2563 proutiſscis
800 2492 987 2549 autoritatem
1006 2494 1197 2560 concessisse·
1215 2492 1311 2551 orbem
1325 2498 1421 2549 autem
1441 2506 1509 2549 voco
1524 2506 1593 2548 ma-

305 2598 418 2653 ximam
440 2593 517 2651 orbis
541 2592 703 2650 Christiani
717 2597 850 2666 partem,
877 2595 935 2651 uisi
950 2591 1031 2664 sorte
1053 2592 1199 2652 Hutteaus
1218 2594 1377 2668 sophistam
1400 2609 1493 2666 opens
1514 2592 1593 2651 ooli-

303 2700 361 2757 eiet
379 2696 529 2771 sciapodes
548 2695 676 2753 norrdum
693 2695 808 2753 dedisse
824 2710 926 2754 rionrea
941 2697 1077 2769 pontifici
1088 2695 1231 2755 Romano.
1277 2695 1440 2765 (irritatiam
1460 2698 1489 2753 si
1496 2697 1592 2770 priu-

304 2803 421 2874 cipatus
438 2800 586 2874 pontificis
608 2815 664 2855 non
687 2806 763 2856 esset
783 2815 802 2855 a
825 2798 952 2868 Clrristo,
975 2807 1071 2857 tarrren
1093 2799 1250 2874 expediret
1271 2815 1359 2856 arrium
1381 2814 1443 2857 esse
1455 2800 1508 2871 qui
1527 2814 1626 2859 αι’-α

306 2906 376 2962 teris
396 2904 552 2961 autoritate
572 2903 776 2975 proemineret,
798 2900 852 2959 sed
871 2917 937 2973 quae
957 2903 1124 2973 louqisslme
1142 2911 1238 2960 tanuen
1261 2902 1372 2961 abesset
1389 2901 1428 2959 ab
1449 2903 1529 2958 omni
1541 2907 1592 2974 tq-

235 3018 303 3069 §.ma
315 3006 452 3065 ranaldo.
499 3003 583 3074 (laod
603 3010 699 3061 uuum
719 3003 831 3062 alicubi
850 3005 970 3077 scripsi,
993 3012 1129 3078 oportere
1150 3013 1369 3064 sacrosanctam
1386 3020 1447 3062 esse
1464 3002 1595 3061 Romani

298 3110 448 3184 pontificis
467 3108 666 3177 autoritatem,
688 3105 764 3164 idern
786 3123 843 3163 non
862 3105 987 3163 dubitem
1007 3108 1107 3166 dicere
1129 3107 1165 3165 de
1185 3109 1309 3181 sinqulis
1325 3108 1482 3182 episcopis,
1505 3105 1593 3164 modo

303 3229 340 3270 ue
362 3211 548 3285 preecipiarrt
572 3211 679 3283 impia:
710 3210 769 3266 iam
796 3210 874 3266 enlm
902 3209 1040 3267 desinunt
1066 3227 1128 3269 esse
1154 3211 1285 3284 episcopi
1291 3231 1300 3265 .·
1330 3210 1392 3268 dici
1421 3211 1473 3267 oia
1493 3216 1593 3283 potest

303 3329 392 3388 quam
411 3315 577 3388 periculose
600 3312 731 3386 popul-us
753 3320 904 3370 assuescat
923 3312 1072 3386 oppedere
1095 3315 1181 3371 iussis
1206 3314 1407 3387 episcoporum
1429 3312 1484 3370 lun
1506 3313 1625 3370 titulans

235 3430 302 3480 §.esu
314 3418 394 3491 quod
412 3418 487 3475 merli
505 3417 579 3482 siut·
606 3430 675 3471 moa·
702 3415 779 3472 enim
802 3430 856 3471 uec
877 3414 959 3471 barris
979 3416 1036 3473 erit
1056 3415 1135 3473 dieto
1156 3415 1289 3474 audieus.
1336 3413 1439 3473 (llriicit
1458 3420 1486 3471 et
1504 3413 1590 3484 illud,

301 3519 381 3593 quod
400 3535 437 3577 ue
457 3524 548 3576 morte
569 3517 686 3590 quidem
708 3516 819 3574 alicubi
837 3518 1007 3590 scripserim
1031 3533 1076 3574 nre
1097 3517 1293 3576 divellendum
1311 3534 1331 3574 a
1349 3517 1418 3575 sede
1431 3515 1590 3574 Romana:

302 3622 459 3681 dicendum
481 3621 536 3678 lroo
556 3626 623 3678 erut
640 3635 729 3692 quum
751 3619 867 3677 delatus
885 3635 990 3690 essem,
1018 3620 1097 3691 quod
1121 3621 1337 3694 conspirassem
1365 3618 1510 3676 aduersus
1536 3635 1589 3676 se-

301 3724 366 3783 dem
387 3723 571 3781 Romanam:
598 3722 671 3795 quid
691 3726 750 3779 tum
767 3717 895 3795 postea?
922 3738 962 3779 arr
984 3722 1050 3780 ideo
1071 3725 1212 3793 corrfirmo
1233 3722 1420 3797 tqrrrrmidem
1444 3727 1496 3778 aut
1517 3723 1589 3778 eilia

232 3820 560 3888 §.esi,llomanerrsium?
591 3824 681 3882 Addit
707 3839 752 3882 me
778 3824 832 3883 lroc
853 3825 1040 3899 impudenter
1059 3824 1202 3895 scribere,
1231 3826 1283 3899 qui
1302 3826 1383 3884 terties
1403 3825 1623 3883 discesserimus

300 3946 319 3987 a
336 3929 405 3987 sede
426 3927 579 3986 Romana:
606 3929 663 3985 imo
683 3926 738 3985 lroc
758 3927 944 4001 impudenter
965 3928 1052 3999 (rupit
1073 3926 1235 3986 Huttenus:
1262 3930 1374 4002 scripta
1395 3942 1461 3985 mea
1482 3926 1588 3984 uterer-

298 4047 362 4089 sum
383 4032 553 4099 clamitam;
581 4046 635 4088 aec
659 4030 724 4089 ideo
751 4030 872 4087 discessi
892 4045 911 4086 o
933 4031 1003 4087 sede
1025 4029 1175 4097 llourana,
1203 4033 1231 4089 si
1248 4032 1385 4105 quiedam
1407 4032 1486 4088 illius
1507 4029 1588 4088 sedis

297 4134 476 4211 improbari,-
495 4136 551 4192 imo
572 4138 640 4190 sunt
661 4133 738 4190 inter
753 4132 994 4190 Aulilutlrerunos
1014 4135 1067 4205 qui
1084 4133 1230 4192 duruerant
1250 4134 1330 4206 quoa
1337 4135 1492 4207 pontifices
1507 4132 1586 4192 ltac-

297 4244 381 4297 teaus
396 4237 562 4296 doluerunt
579 4238 677 4293 omnia
696 4237 828 4308 venalia,
851 4252 905 4294 nec
925 4236 991 4294 ideo
1013 4234 1188 4306 defecerunt
1207 4254 1226 4295 a
1242 4237 1312 4295 sede
1326 4235 1472 4294 Rornana.
1504 4237 1585 4293 alio-

298 4344 367 4415 quin
391 4348 418 4399 et
441 4340 543 4399 Cresar
562 4346 591 4398 el
608 4338 657 4398 luc
674 4337 815 4413 pontisas
835 4340 1023 4396 recessissent
1044 4356 1063 4395 a
1084 4339 1153 4396 sede
1174 4337 1323 4410 Bouiano,
1346 4339 1398 4411 qui
1417 4341 1616 4397 consultantes

229 4445 346 4507 §.usuale
361 4446 495 4503 tollendis
512 4446 590 4503 illius
606 4444 689 4500 vitiis.
736 4441 838 4500 iliriicit
855 4446 884 4498 et
904 4440 982 4498 illud
1002 4441 1081 4511 quod
1101 4441 1212 4500 alicula·
1229 4443 1398 4516 scripserim
1422 4439 1502 4509 ‘Quis
1524 4457 1583 4498 noa

299 4547 412 4619 ‘faueat
430 4549 492 4606 eius
514 4546 665 4619 eliquilati,
694 4547 746 4618 qui
771 4544 924 4603 uirtutibus
944 4545 1120 4634 eranpelicis
1143 4545 1287 4603 Cleristum
1309 4544 1389 4602 uoiris
1411 4560 1584 4618 represen-

298 4701 498 4712 ———.

363 4788 374 4818 1
392 4786 492 4852 Obiieq
507 4789 618 4852 Exposl.
633 4787 671 4844 ἐξ.
688 4783 742 4835 161.
757 4801 796 4848 sq.
843 4782 978 4849 Siluinus]
994 4785 1074 4832 immo
1087 4783 1252 4847 simpliciter
1264 4787 1348 4846 nogat
1361 4783 1472 4847 Exposl.
1485 4783 1509 4841 §-
1524 4779 1581 4830 166.

296 4873 314 4907 ¹¹
335 4873 429 4940 abiis]
448 4877 560 4940 Exposi.
574 4875 597 4933 ξ.
614 4870 668 4921 161.
739 4870 760 4903 ¹⁸
779 4868 871 4934 Corte]
892 4871 927 4919 cf.
942 4870 1055 4933 Expost.
1069 4871 1091 4927 §.
1109 4868 1162 4917 lae.
1233 4867 1255 4899 ²²
1273 4870 1383 4932 Expost.
1397 4868 1436 4926 ἕξ.
1452 4866 1509 4915 117.
1523 4863 1581 4916 118.

297 4960 352 5009 158.
399 4959 421 4992 ²⁵
439 4957 542 5024 Obila]
561 4961 675 5024 Expost.
688 4959 711 5017 ἕ.
727 4955 783 5005 los.
830 4953 850 4986 ³¹
870 4952 1050 5020 impudenter]
1071 4955 1122 5003 hoo
1142 4971 1174 5003 ex
1192 4970 1242 5003 suu
1256 4955 1427 5005 conscientia
1440 4952 1581 5002 addidisse

294 5048 403 5100 videtur
420 5049 560 5098 Erasmus
580 5045 615 5095 es.
631 5046 677 5095 eit.
691 5048 714 5108 §-
730 5044 786 5094 166.
839 5041 861 5074 ³⁰
879 5039 981 5105 Ornia]
1001 5040 1224 5105 Expost.§.188.
