3934 6034
408 648 481 723 314
577 666 773 720 cccxxxssl.
799 685 918 721 scannia
930 686 1034 721 ansam
1047 685 1191 723 rovenses
1205 689 1378 725 assensisse
1393 690 1525 726 nossem.

406 856 477 915 quos
495 847 568 899 actas
582 844 727 916 proxima
742 860 885 919 proceres
905 845 935 902 in
962 846 1056 903 literis
1077 842 1201 904 babuit?
1228 845 1384 922 Bodolpbo
1402 847 1551 920 Aqricolee
1573 855 1602 907 ct
1624 850 1700 907 Ale-

405 944 527 1003 xandro
546 944 651 1017 Heqio‚
674 947 777 1020 quibus
796 963 851 1020 eqo
872 963 945 1006 saue
964 949 1115 1006 minimum
1137 949 1291 1021 debebam,
1320 965 1416 1008 teorene
1432 951 1554 1024 plenam
1573 951 1698 1009 laudem

406 1046 500 1105 lribuo
514 1048 545 1108 in
566 1063 668 1122 opere,
690 1050 770 1123 quod
789 1065 887 1109 omnes
907 1042 1078 1109 eaislimont
1098 1047 1264 1110 uicturum?
1284 1051 1446 1111 Bencblino
1466 1060 1605 1126 quantam
1626 1054 1697 1111 ubi-

407 1164 463 1222 que
483 1130 593 1207 aetati!
620 1149 740 1209 Zosiurn
767 1168 863 1211 rectene
888 1168 1005 1228 semper
1031 1161 1186 1212 eeneralas
1213 1171 1290 1226 snm,
1320 1162 1352 1212 ut
1370 1155 1408 1213 lle
1434 1154 1544 1214 Tboma
1561 1156 1696 1215 linaceo

337 1250 403 1304 Μ
416 1259 529 1310 taceorn
555 1258 584 1310 el
606 1250 749 1313 Grocino?
783 1254 872 1324 (luem
894 1262 992 1314 autern
1011 1258 1170 1329 aequalium
1198 1273 1255 1314 narn
1283 1258 1406 1316 libenter
1428 1261 1584 1333 amplexus
1604 1253 1716 1316 sam?s

336 1351 338 1356 ’
406 1370 446 1411 an
467 1356 595 1427 malique
610 1356 747 1430 proauo
766 1356 877 1415 Budai
890 1354 1030 1417 oirlales?
1048 1358 1188 1418 Iacobum
1202 1360 1348 1432 Fabrum,
1372 1367 1517 1434 memeque
1533 1361 1639 1419 incidit
1655 1377 1695 1419 ea

400 1458 550 1531 procella,
573 1459 637 1531 quis
657 1459 814 1518 candidius
836 1462 972 1519 laudarit
988 1476 1077 1535 quam
1098 1457 1173 1534 eqo?
1195 1462 1260 1521 Iam
1283 1473 1394 1536 quanta
1415 1465 1576 1522 amicorum
1598 1464 1627 1521 iu
1650 1464 1694 1521 li-

336 1560 475 1619 §.nebris
498 1562 569 1618 meis
596 1558 839 1621 nomenclatura?
872 1564 919 1620 An
947 1564 1075 1622 llulteno
1102 1567 1299 1623 succrescenti
1325 1561 1439 1624 invidi?
1466 1567 1632 1623 reclamant
1653 1572 1696 1624 lol

404 1665 464 1721 illac
485 1679 558 1722 mele
579 1663 781 1736 laiedaliones,
809 1681 936 1738 quaram
965 1668 1028 1740 lpse
1051 1666 1133 1724 nobis
1156 1667 1211 1724 boc
1236 1667 1333 1727 libello
1352 1668 1539 1743 palinodiam
1559 1670 1691 1740 inqessil.

404 1769 469 1839 quis
489 1768 572 1824 illam
590 1766 769 1841 praedicauit
789 1776 841 1825 aul
856 1768 990 1827 erebrius
1004 1775 1056 1827 erat
1075 1768 1233 1827 candidius
1259 1776 1311 1827 arel
1337 1767 1507 1828 amantius?
1534 1772 1607 1844 quill
1627 1788 1688 1829 au·
1703 1784 1728 1825 m

335 1873 470 1927 §.ta-lem
495 1867 532 1926 ab
552 1869 603 1927 illa
623 1868 780 1942 sperabam
798 1866 941 1943 potamii?
966 1871 1105 1929 nimirum
1126 1871 1180 1930 boc
1200 1873 1292 1930 solent
1309 1870 1417 1943 facere
1438 1873 1538 1930 inoilli.
1582 1873 1693 1932 Mallos

401 1972 493 2030 lando
512 1972 542 2029 in
561 1987 640 2045 spem
657 1972 777 2043 indolis,
796 1976 900 2032 mullos
921 1975 1121 2031 eatimnlaaeli
1137 1990 1240 2032 cerasa.
1286 1972 1341 2030 Cui
1358 1980 1462 2031 metuet
1480 1990 1609 2048 rerequom
1628 1992 1691 2033 au-

401 2070 534 2148 leposai?
560 2076 677 2146 quicmn
705 2090 834 2148 unquam
862 2076 955 2134 tribus
983 2076 1078 2134 uerbis
1105 2076 1142 2135 tle
1164 2077 1340 2150 principatu
1363 2075 1506 2135 doclrinee
1528 2074 1691 2137 contendi?

400 2179 451 2236 eui
476 2162 534 2235 aare
557 2176 681 2235 libenter
708 2179 784 2236 cessi
809 2179 928 2235 laudem
947 2194 1036 2250 quarn
1055 2179 1128 2236 milei
1147 2178 1292 2236 IIultenas
1308 2187 1423 2252 preeler
1445 2194 1544 2237 ornnes
1566 2176 1690 2238 tribuit?

403 2281 492 2350 (tieem
515 2294 643 2353 uuquam
661 2282 747 2352 attiqi
765 2282 824 2338 nisi
844 2281 983 2338 atrociter
997 2276 1165 2355 impetitus?
1197 2280 1235 2338 Et
1255 2280 1307 2338 lios
1324 2280 1465 2339 liaclenus
1484 2282 1528 2339 sic
1549 2285 1687 2353 tramam,
1702 2296 1725 2337 is

334 2388 401 2439 tam.
412 2390 444 2441 ut
454 2399 514 2457 per
532 2398 578 2441 me
589 2381 668 2453 sacti
686 2385 745 2440 slnl
765 2384 947 2442 illustriores.
993 2383 1055 2441 Mei
1073 2383 1189 2441 labores
1205 2382 1339 2441 nonnibil
1358 2385 1483 2441 altrelcre
1496 2386 1633 2442 monreial
1647 2386 1691 2443 aa

395 2486 618 2561 proaebenllma
632 2485 715 2560 apuli
727 2492 870 2543 nostrates
886 2486 1008 2543 Graecas
1021 2487 1138 2543 literas:
1159 2499 1255 2542 nonne
1274 2487 1377 2559 palam
1399 2492 1427 2543 el
1441 2484 1543 2557 fateor
1561 2493 1591 2545 el
1603 2503 1689 2559 qau-

402 2589 456 2647 deo
482 2594 635 2647 sexcentos
655 2594 774 2645 exortos
792 2603 854 2645 csse
875 2589 927 2659 qni
946 2602 992 2644 me
1010 2590 1096 2659 lonpe
1117 2583 1278 2661 superent?
1306 2586 1329 2645 b
1351 2604 1455 2646 notum
1474 2586 1682 2647 inuidentium!

332 2700 399 2753 §.uu
414 2690 523 2762 Quodsi
539 2692 603 2765 quis
620 2691 698 2748 alius
719 2690 791 2748 mibi
807 2691 941 2748 oolnissct
963 2690 1083 2748 inuidiae
1103 2691 1215 2748 crimen
1238 2691 1415 2762 imminpere,
1436 2697 1515 2749 certe
1532 2706 1590 2748 nou
1611 2707 1686 2749 cau-

400 2793 532 2853 aeniebal
557 2793 590 2851 la
615 2793 653 2851 ab
672 2791 799 2850 Hulleno
817 2793 887 2862 lieri
904 2778 1011 2861 οὕτως
1032 2776 1193 2867 ἀφθόνως
1215 2809 1234 2849 a
1255 2808 1301 2850 me
1323 2808 1402 2866 pene
1421 2794 1482 2851 solo
1498 2793 1723 2868 praelecta-20

399 2900 477 2956 solus
498 2897 575 2954 eriirn
591 2898 663 2970 plus
684 2895 808 2954 laridum
829 2896 939 2953 conlidi
958 2896 989 2951 in
1009 2893 1168 2953 Ilalteanm
1192 2911 1280 2968 quarn
1307 2910 1406 2954 omnes
1428 2896 1506 2954 illias
1527 2897 1632 2968 amici,
1659 2904 1688 2955 el

399 3002 449 3059 ille
472 3001 584 3058 amicus
607 3000 637 3056 in
660 2999 787 3055 amicam
806 3000 875 3071 plus
895 2998 1051 3055 criminum
1073 2998 1218 3069 concessit
1238 3014 1327 3072 quom
1349 2998 1492 3056 bactenus
1509 3013 1608 3057 omnies
1628 3002 1690 3058 mei

398 3104 511 3161 inimici
528 3108 581 3159 aut
599 3116 689 3174 qaam
705 3102 754 3158 ille
775 3116 905 3173 unquam
928 3102 958 3157 in
982 3115 1148 3172 quenquam
1171 3098 1279 3157 bostem
1301 3117 1404 3167 suam·
1425 3106 1453 3158 et
1474 3106 1571 3159 lumea
1592 3104 1624 3159 in
1643 3104 1686 3160 li-

399 3208 469 3264 teris
488 3206 530 3263 ael
550 3221 595 3263 nte
615 3206 676 3262 suis
698 3204 830 3277 appellat
850 3203 929 3261 barre
950 3204 1211 3277 expostulationem
1227 3217 1287 3275 pro
1308 3204 1355 3260 rei
1382 3204 1536 3261 atrocitate
1561 3205 1687 3261 mitissi-

330 3314 396 3364 mis.
410 3323 496 3365 marn.
540 3306 693 3363 Hominem
718 3301 855 3363 suarem?
882 3307 933 3363 cui
962 3320 1021 3362 non
1042 3307 1171 3378 porrexi
1196 3321 1314 3362 marium
1340 3306 1461 3362 enitenti
1486 3305 1529 3362 all
1551 3307 1722 3378 eliquamus

396 3412 546 3483 eqreqlaui
562 3403 705 3467 leeieaem?
731 3421 788 3480 qno
808 3408 905 3465 minus
925 3408 1030 3464 millias
1046 3408 1184 3478 iuverim,
1210 3406 1337 3477 sorluna
1357 3404 1419 3477 ferit
1439 3409 1468 3464 in
1491 3409 1594 3482 calpa,
1624 3424 1685 3466 nore

396 3514 520 3571 animus.
552 3517 632 3570 certe
650 3526 835 3584 quoscunque
849 3508 1011 3580 laudando,
1026 3510 1257 3567 comittenllanelo
1273 3526 1311 3567 ac
1324 3509 1465 3567 similibus
1481 3508 1589 3581 officiis
1601 3526 1685 3584 pro-

397 3615 502 3674 aebere
515 3616 612 3688 pollii,
631 3615 775 3688 pemani,-
789 3612 856 3686 saai
877 3613 1026 3670 nonnullis
1041 3612 1114 3670 milii
1130 3611 1322 3686 iniquioribus
1343 3617 1454 3669 tantmn
1473 3611 1508 3669 ob
1528 3611 1583 3670 boc
1604 3615 1687 3685 quoti

329 3725 395 3776 §.ma
407 3717 511 3776 studiis
526 3717 708 3791 prodessent.
751 3715 809 3774 Hic
822 3717 850 3774 si
859 3713 1019 3789 proferam
1037 3716 1175 3789 epistolas
1191 3729 1292 3772 eorum
1307 3716 1359 3787 qai
1370 3714 1443 3773 mibi
1457 3729 1515 3788 pro
1528 3729 1590 3772 tneo
1603 3732 1681 3774 cau-

397 3822 470 3879 dore
489 3821 606 3892 qratias
628 3827 734 3893 aqam,
756 3818 900 3876 Hullenus
920 3816 1061 3876 clamabit
1080 3832 1126 3874 mc
1146 3818 1312 3874 mortalium
1332 3818 1459 3875 omnium
1482 3818 1721 3876 vanissimumm

397 3938 498 3981 aerem
519 3923 565 3980 illi
584 3921 788 3980 reclamabant
804 3920 961 3978 Hatlennrn
981 3921 1228 3978 calantniatorum
1242 3921 1369 3977 omniurn
1390 3920 1683 3993 irnpaelcntissimam.

328 4032 396 4082 §.aaa
409 4026 502 4096 (tunm
525 4040 643 4098 aperern
665 4026 695 4082 in
715 4022 896 4094 Brabaulia‚
919 4038 959 4078 en
980 4037 1045 4079 mea
1067 4023 1206 4080 tenuitate
1225 4023 1294 4094 plus
1315 4023 1440 4093 larqilas
1461 4038 1525 4079 sura
1546 4023 1685 4083 studiosis

395 4144 453 4185 mm
475 4143 554 4184 airino
576 4143 662 4201 qaam
681 4125 800 4199 qnidam
823 4126 922 4197 quise
942 4125 1067 4195 iaelllul,
1095 4125 1216 4198 capiant
1234 4140 1273 4181 en
1290 4126 1373 4196 apris
1389 4127 1543 4197 paternis:
1569 4126 1613 4182 sic
1631 4126 1683 4183 in-

395 4231 477 4289 oieleo
496 4228 670 4288 minoribus:
693 4229 834 4285 nerninem
848 4226 960 4301 prolia,
987 4243 1041 4285 nee
1058 4227 1207 4300 eaprobro
1225 4228 1362 4299 cuiqlaun
1383 4224 1544 4298 ospiciolum
1567 4242 1684 4295 ruenni,-

396 4333 497 4392 aideor
510 4333 586 4392 enirn
602 4332 674 4390 milii
694 4332 862 4401 beru‘ficiurn
879 4329 979 4387 dando
1001 4330 1163 4403 accepisse,
1186 4330 1212 4386 si
1233 4329 1323 4401 eliqua
1340 4328 1425 4395 decli·
1447 4328 1501 4387 sed
1519 4329 1577 4402 ipsi
1593 4335 1680 4389 testes
1690 4343 1717 4382 ³⁵

327 4444 394 4494 Mil.
405 4443 493 4495 erum
514 4451 602 4509 quarn
618 4434 683 4493 blec
698 4433 885 4507 irnpaaenler
899 4432 1075 4489 obiiciantur
1089 4431 1127 4489 ab
1141 4430 1279 4488 llulleno.
1325 4429 1432 4488 ‘Nemo'
1455 4432 1549 4504 inquil
1569 4435 1608 4489 ‘se
1629 4433 1686 4491 tibi

396 4540 615 4612 ‘ineloquentia
636 4532 808 4609 comparui.
853 4533 918 4607 Epo
941 4549 1008 4591 aero
1023 4534 1187 4605 a’quissimo
1205 4530 1307 4603 seram
1323 4535 1429 4604 animo,
1450 4535 1477 4592 si
1491 4535 1536 4592 ael
1550 4538 1686 4595 sexcenti

464 4774 472 4807 ¹
495 4773 632 4838 Agricola*
658 4778 685 4821 et
707 4773 811 4836 Hegio,
836 4770 1052 4835 praeceptoribus
1076 4770 1130 4818 tuis
1153 4770 1293 4819 minimum
1311 4770 1452 4819 debebas?
1521 4770 1682 4822 ³lleuehli-

394 4878 457 4911 num
476 4860 624 4910 liventibus
643 4858 730 4907 oculis
749 4858 864 4905 intuitus
884 4871 921 4905 es.
986 4854 996 4885 ⁶
1016 4856 1072 4903 lac.
1092 4852 1186 4918 Faba]
1206 4854 1407 4921 stapulensem.
1471 4852 1493 4886 ²⁰
1511 4842 1570 4904 οὔτ.
1590 4845 1681 4924 α’φθ.]

394 4950 435 4996 ita
448 4948 507 4995 sine
521 4944 634 4994 invidia.
687 4939 707 4973 ²¹
727 4940 810 5006 solus]
830 4956 878 4990 sua
892 4941 964 4989 iusto
977 4941 1082 4989 maiora
1094 4940 1231 4990 aestimare
1244 4941 1323 4991 solet.
1375 4939 1398 4971 ³³
1416 4957 1445 4990 se
1458 4938 1574 5005 iactant]
1594 4943 1685 5004 Quasi

393 5033 533 5083 Huttcnue
551 5029 664 5079 divitias
683 5042 747 5077 suas
767 5028 904 5077 restituere
925 5027 1059 5076 iactasset
1078 5040 1212 5090 umquam.
1264 5024 1287 5056 ³⁸
1305 5023 1371 5091 inq]
1390 5027 1502 5090 Expost.
1516 5027 1539 5086 5.
1553 5025 1595 5076 bb.
