3934 6034
528 704 726 755 cccxxxtss.
742 719 859 754 seouou
874 719 976 754 suasus
990 719 1132 754 ununusus
1146 718 1317 753 assumamus
1331 717 1462 753 usurum.
1561 687 1629 757 271

352 879 435 950 atqui
457 876 567 935 Beettns
589 876 752 935 Rieeaanus
781 893 835 934 nec
861 876 978 934 aemam
1008 879 1099 935 uultum
1124 879 1243 950 scripsit
1269 877 1312 933 ad
1334 892 1380 933 me
1406 892 1446 933 en·
1471 873 1635 942 Sletstadio,
1721 920 1725 929 .

352 997 406 1036 uec
427 980 485 1037 lua
507 995 656 1049 reuersus,
676 981 734 1035 ium
750 979 819 1036 ltine
831 978 967 1052 profecto
984 977 1125 1048 Hutteuo,
1143 979 1319 1050 siquificoeit
1332 993 1459 1051 anquam
1474 978 1531 1034 sibi
1539 976 1635 1048 saissa

351 1083 524 1153 colloquium
553 1097 619 1138 cerm
640 1080 786 1147 Hutteuo,·
820 1097 874 1139 neo
900 1081 934 1139 id
958 1082 1075 1138 omniuo
1098 1082 1185 1154 prices
1214 1083 1333 1152 resciri,
1363 1096 1450 1152 quam
1476 1097 1516 1137 es
1544 1082 1636 1137 literis

352 1183 516 1240 Hutteuieis
543 1199 618 1256 quas
645 1184 688 1241 ad
713 1200 758 1240 me
785 1183 865 1241 dedit
897 1200 936 1240 ea
957 1182 1125 1241 Mittitusio:
1162 1199 1214 1241 ens
1235 1185 1344 1255 queuti
1364 1183 1437 1240 mitti
1458 1180 1538 1252 sorte
1563 1180 1703 1252 sor-§.1³-

330 1301 342 1336 ⁵
354 1294 426 1343 terna
448 1286 557 1343 reiterat
575 1285 822 1360 Euphendorpias
841 1292 869 1343 et
888 1283 1001 1342 Beatus
1008 1306 1018 1351 ,·
1049 1300 1136 1357 quam
1156 1292 1269 1343 nattum
1291 1293 1364 1343 esset
1384 1285 1427 1340 od
1444 1300 1509 1341 eum
1531 1286 1636 1354 iocum,

357 1385 470 1446 ‘Beate'
494 1390 612 1460 inquam
636 1388 693 1445 ‘liic
715 1395 745 1445 tn
768 1389 882 1445 vocaris
904 1389 933 1444 in
959 1388 1020 1459 ius,
1051 1404 1125 1461 opus
1149 1394 1193 1446 est
1217 1387 1270 1445 tibi
1286 1383 1431 1460 pestremo,
1461 1386 1502 1443 ibi
1525 1385 1637 1445 Beatus

356 1493 482 1562 ireqcreue
500 1490 603 1562 fassus
624 1500 667 1549 est
688 1491 721 1548 id
741 1491 887 1563 quadres
907 1496 987 1558 erat,
1013 1504 1045 1546 se
1069 1489 1145 1547 nitu!
1165 1505 1295 1562 unquam
1316 1491 1511 1561 siqnificasse‚
1535 1496 1563 1547 et
1582 1506 1637 1546 car

354 1609 411 1649 reon
432 1591 566 1663 fecisset,
594 1595 736 1650 rationem
758 1592 900 1650 reddidit.
945 1608 982 1648 ac
1001 1600 1067 1664 nost
1085 1608 1142 1664 per
1163 1594 1257 1650 ocium
1278 1607 1341 1649 rem
1361 1607 1472 1648 omnem
1493 1594 1536 1649 sic
1555 1591 1636 1649 uobis
1646 1602 1665 1653 t.
1672 1605 1704 1647 tt.

353 1696 510 1767 enuticuit,
541 1701 573 1752 ut
600 1710 723 1766 coqerer
749 1695 797 1753 iric
823 1694 997 1752 desiderare
1022 1695 1237 1767 simplicitatem
1264 1696 1347 1752 ittam
1374 1695 1578 1751 Germanicam
1606 1697 1636 1752 in

322 1796 496 1867 attritum,
529 1798 581 1868 qai
607 1797 661 1854 imo
688 1803 894 1869 arqameutum
920 1795 1086 1854 calliditate
1112 1797 1241 1870 quadam
1267 1795 1431 1868 offecturit,
1462 1804 1493 1853 ut
1519 1797 1640 1854 leutberet

355 1916 411 1971 qua
432 1900 668 1957 calumniaretur
689 1915 781 1957 meum
800 1900 1025 1957 conscientiam:
1054 1915 1147 1971 neque
1167 1900 1245 1956 enim
1265 1897 1359 1957 Beato
1378 1901 1534 1972 quiequam
1553 1915 1637 1957 seor-

355 2018 418 2058 sum
442 2010 494 2058 aret
514 2004 592 2059 serio
613 2002 778 2072 mandauit,
800 2008 853 2058 end
868 2001 1012 2059 eiusmodi
1030 2002 1110 2073 qaod
1123 2017 1223 2074 operte
1238 2003 1371 2075 pretium
1391 2008 1466 2059 esset
1485 2017 1531 2058 me
1545 2003 1638 2068 scire,·

355 2110 465 2161 tinctum
493 2104 624 2161 omnious
650 2106 702 2176 qui
726 2104 855 2160 aderunt
880 2104 1067 2162 audientibus
1095 2103 1194 2160 aiebat
1218 2119 1264 2161 me
1291 2119 1348 2161 non
1376 2104 1504 2177 perinde
1530 2102 1638 2175 scrivere

354 2205 499 2275 itiitere·
532 2207 565 2263 id
585 2205 834 2280 interpretabatur
856 2213 961 2263 metum
981 2205 1152 2278 dicebatque
1172 2222 1204 2262 se
1224 2205 1296 2263 mitti
1309 2206 1439 2263 animum
1454 2206 1636 2264 addituram.

322 2309 399 2363 toric
418 2315 485 2381 post
503 2309 612 2365 similia
633 2308 770 2381 qatedam
795 2308 947 2365 mandauit
976 2309 1033 2375 itti,
1060 2323 1148 2380 qaum
1171 2295 1333 2382 patoretur
1352 2306 1503 2365 Basileum
1525 2311 1705 2381 renen-sas.

354 2419 452 2479 turus,
486 2409 561 2468 uilrit
588 2413 703 2467 iuterim
730 2411 869 2467 minitans
898 2417 950 2466 erut
974 2412 1066 2468 alitem
1094 2411 1335 2482 siqnificutionem
1360 2411 1438 2467 dores
1459 2413 1519 2468 stili
1539 2412 1568 2468 in
1593 2427 1638 2469 me
1673 2467 1677 2476 ,

354 2512 492 2569 actuudi.
537 2512 581 2570 Ac
602 2530 639 2570 ue
660 2512 693 2569 id
712 2513 828 2584 quidem
851 2526 979 2569 seorsum
1003 2519 1100 2569 escuem
1117 2517 1173 2584 est,
1194 2512 1292 2570 sedin
1307 2512 1403 2570 medio
1416 2514 1538 2586 strepitu
1552 2514 1640 2571 simul

355 2615 513 2671 ridentium
544 2631 582 2672 nc
609 2615 781 2688 ructuantium
810 2628 1034 2685 cmtqerronum.
1078 2610 1191 2688 *Atque
1214 2616 1329 2673 interim
1351 2614 1704 2685 honorificentissimum.

356 2717 393 2773 de
415 2732 461 2773 me
482 2718 661 2789 loquebatur,
690 2723 723 2774 ut
749 2716 876 2774 Beatam
903 2718 986 2774 natta
1010 2717 1141 2790 potuerit
1166 2716 1265 2776 subire
1289 2724 1457 2789 sequutura
1481 2719 1638 2789 traqcedioe

319 2820 492 2891 msuspicio.
539 2818 653 2877 Deinde
675 2833 763 2892 qaam
791 2821 913 2890 rteqocia
940 2817 1067 2876 Beatum
1094 2819 1204 2877 diutins
1226 2828 1448 2889 remorarentur
1471 2822 1500 2877 iu
1524 2823 1638 2893 patrio,

356 2920 501 2978 Huttenus
519 2924 607 2993 quasi
624 2922 753 2979 liberans
774 2922 855 2978 illum
879 2920 1029 2977 mundatis
1050 2921 1192 2979 iudicauit
1216 2938 1248 2980 se
1272 2938 1342 2980 mox
1364 2920 1514 2978 Basiteam
1537 2923 1639 2981 reditu-

355 3039 420 3080 rum
443 3024 570 3095 miliique
587 3026 657 3097 plns
678 3025 749 3082 satis
769 3025 934 3081 meticuloso
954 3023 1128 3081 addituram
1144 3026 1284 3082 antimum.
1322 3025 1363 3082 ita
1379 3026 1541 3096 conquieuit
1555 3023 1639 3082 Beo-

355 3132 401 3181 tas
423 3126 497 3184 niltit
516 3128 672 3199 suspicans
691 3127 834 3184 oriturum
857 3127 939 3183 mali.
990 3142 1044 3183 nec
1062 3127 1206 3184 orituram
1227 3133 1307 3198 erat,
1337 3128 1365 3183 si
1384 3128 1550 3198 contiqissct
1573 3130 1706 3185 col-§.tt

355 3229 450 3300 loqui:
488 3222 605 3286 *decem
633 3227 727 3285 uerbis
752 3227 959 3299 satisfecissem
989 3227 1110 3286 lltdteni
1131 3228 1289 3288 stomacho.
1336 3228 1420 3311 Certe
1439 3228 1552 3287 Beatus
1578 3231 1640 3287 ali-

322 3345 347 3383 u
359 3337 467 3402 quomo
483 3338 549 3403 post
561 3345 697 3389 reuersas
711 3339 753 3387 est
769 3329 921 3389 Basileom
935 3345 1024 3402 quam
1039 3329 1108 3387 trino
1125 3331 1304 3389 discessisset
1316 3328 1470 3388 Huttenus.
1507 3331 1538 3389 Is
1552 3348 1641 3405 qcuun

355 3433 551 3506 prasentiiues
578 3435 689 3505 aliquot
711 3434 828 3499 amicis,
857 3448 980 3506 quorum
1004 3438 1070 3490 erat
1090 3432 1253 3491 lodovicus
1275 3431 1388 3503 Berus,
1414 3449 1459 3491 me
1486 3436 1639 3504 salutaret,

356 3536 482 3607 roqttbat
508 3535 649 3609 quomodo
677 3535 750 3592 milri
776 3538 942 3594 conueniret
970 3549 1037 3592 cum
1062 3534 1206 3600 Hutteno;
1234 3551 1404 3610 responsum
1432 3543 1475 3594 est
1501 3535 1641 3610 optime,-

356 3645 444 3709 atque
464 3640 506 3695 ita
527 3644 586 3694 tam
609 3636 682 3694 miin
698 3640 790 3710 platee
808 3653 984 3713 persuasam
1005 3643 1080 3694 erat.
1116 3653 1236 3695 rursum
1254 3654 1343 3711 quum
1362 3640 1467 3696 iterum
1488 3655 1534 3697 me
1554 3641 1638 3697 suta·
1650 3645 1707 3695 §.ts

356 3740 443 3797 tandi
458 3740 560 3812 qratia
580 3741 772 3811 convertisset,
797 3740 1047 3815 Eponendorqtius
1068 3739 1200 3798 esmibuit
1219 3740 1340 3799 Hutteni
1359 3742 1402 3798 ud
1418 3743 1512 3815 insum
1529 3744 1639 3812 literas,

321 3843 387 3899 soirt
410 3842 513 3914 quibas
535 3842 710 3906 utaredabat.
739 3843 910 3901 admoneret
936 3858 981 3900 rue
1010 3858 1047 3899 ne
1075 3843 1238 3900 insectarer
1263 3842 1438 3913 luituram,
1468 3861 1500 3901 se
1525 3845 1641 3917 quidem

353 3945 514 4018 plurimum
542 3942 650 4014 faeere
678 3945 762 4016 milti,
796 3953 935 4004 ceeterurn
963 3960 1009 4002 me
1037 3960 1095 4002 uon
1121 3959 1207 4017 posse
1235 3945 1299 4018 ipso
1325 3947 1369 4003 uti
1397 3950 1507 4016 rumice,
1538 3947 1596 4004 uisi
1622 3961 1642 4003 o

355 4046 483 4105 ertleero
505 4048 669 4120 innuendo
691 4054 896 4121 temperarem.
940 4062 1029 4120 qaum
1051 4052 1147 4104 autem
1169 4046 1203 4103 id
1222 4048 1360 4121 temporis
1382 4047 1456 4106 nilut
1476 4050 1572 4106 minus
1589 4062 1642 4106 co-

353 4153 480 4222 qitarem
501 4165 588 4222 qnam
612 4150 649 4206 de
671 4150 799 4207 Latltero
822 4151 941 4224 scriptis
967 4150 1147 4223 impetendo,
1176 4149 1331 4207 videbatur
1358 4151 1434 4207 iuter
1455 4165 1508 4207 uos
1531 4149 1641 4222 satura

357 4252 565 4322 tranquittitas.
612 4252 705 4321 [tutem
728 4253 812 4327 apud
832 4267 884 4309 uos
908 4252 982 4309 nitet
1005 4253 1122 4309 interim
1144 4250 1219 4309 esset
1239 4258 1333 4308 ortum
1358 4254 1521 4323 uerteret,
1548 4254 1708 4325 perclusa.

322 4361 420 4427 suast
447 4351 588 4423 adfertur
616 4354 765 4412 horribilis
792 4355 917 4412 nuncius
944 4353 1101 4411 Huttenam
1130 4353 1313 4411 veliementer
1343 4352 1491 4424 insensum
1514 4354 1643 4412 scribere

357 4457 387 4512 in
412 4455 579 4513 lirnsmmn.
623 4456 698 4514 llaec
716 4457 853 4530 qtarions
875 4456 1132 4514 commemoranda
1153 4455 1244 4526 duni,
1274 4461 1306 4513 ut
1327 4458 1578 4530 perspicuumst!
1599 4472 1644 4514 me

358 4575 411 4616 neo
433 4560 589 4631 quicquam
611 4561 777 4630 coqnouisse
797 4576 837 4618 ea
858 4558 965 4627 Beato,
996 4574 1089 4631 neque
1109 4558 1147 4615 de
1167 4559 1266 4616 terrimo
1285 4556 1409 4616 Hutteui
1424 4556 1536 4630 offenso
1556 4560 1644 4631 quic-

358 4676 446 4733 quam
464 4663 594 4735 potuisse
613 4664 771 4735 suspicari.
820 4661 883 4720 lloo
904 4662 995 4733 iqitar
1013 4658 1209 4731 fitrtdamento
1235 4659 1349 4718 sublato
1369 4663 1482 4718 corrmt
1502 4661 1710 4733 querquetum.

358 4762 407 4820 iiic
427 4765 585 4820 ettlamuiee
606 4766 780 4838 seqrerstrait
801 4764 955 4822 liuttenus.
994 4763 1054 4819 Cur
1075 4778 1132 4820 non
1156 4763 1233 4820 idem
1255 4762 1320 4819 liter
1340 4762 1493 4821 mandauit
1513 4762 1561 4821 itio
1576 4762 1644 4836 Ep-

324 4866 543 4940 mptrendornio
568 4866 678 4924 Aeliati
702 4883 754 4924 suo
779 4867 858 4939 quod
888 4868 949 4924 illio
976 4866 1140 4922 mandarat
1166 4861 1283 4923 Beato?
1317 4865 1355 4922 m
1380 4866 1430 4923 ute
1460 4867 1646 4924 renunciavit

362 4968 518 5025 tlutteuum
544 4986 646 5027 sereno
669 4971 886 5041 tranquilloque
906 4975 969 5027 'esse
993 4971 1023 5026 in
1051 4985 1096 5027 me
1117 4970 1224 5026 testimo.
1265 4967 1349 5037 <iered
1370 4969 1397 5025 si
1418 4985 1471 5040 eqo
1492 4971 1643 5028 sensissem

362 5074 490 5129 animum
514 5072 657 5143 lterum„
670 5087 753 5144 quem
775 5079 834 5128 tum
857 5087 925 5128 uere
946 5070 1098 5141 amabam,
1121 5072 1223 5144 aliqua
1244 5071 1410 5144 susqncione
1431 5071 1643 5142 exulceratam,
