3934 6034
446 669 519 741 276
620 684 816 736 cccxxxltl.
838 701 955 735 suouatu
969 701 1071 735 causon
1085 701 1226 735 unvuusvs
1239 700 1411 736 nsessuouxcs
1425 701 1556 737 urrunnu.

445 858 509 916 Non
533 859 677 931 deprecor
690 859 767 930 ania
789 858 962 930 proferant,
983 858 1068 915 matlo
1085 857 1247 932 proferant
1266 874 1379 916 omues:
1404 860 1464 916 illa
1485 860 1660 916 convincent
1683 873 1729 915 me

375 971 393 1020 t.
402 974 434 1017 ro.
444 975 594 1033 inruptum
613 958 795 1030 [ruderatum
813 958 909 1029 fuisse
928 959 1115 1017 lutheranis.
1161 959 1237 1017 Milli
1255 962 1285 1016 in
1301 959 1477 1018 lloclrstrato
1493 962 1551 1018 ium
1574 961 1643 1017 olim
1661 958 1728 1016 clis-

438 1064 543 1135 pticuit
566 1063 681 1118 anirum·
702 1062 751 1117 ille
769 1060 876 1132 seron,
913 1059 1049 1132 insanus
1071 1062 1151 1118 tronis
1176 1063 1269 1119 literis
1296 1069 1324 1118 et
1348 1062 1530 1119 concitandis
1556 1060 1728 1119 tumultibus

440 1170 541 1234 natus,
560 1164 667 1234 ¹alarice
683 1164 782 1220 sitiens
798 1180 838 1219 en
857 1164 981 1220 aliorum
1004 1165 1091 1220 malis
1111 1164 1254 1230 collectio,¹
1275 1179 1329 1222 nec
1347 1164 1506 1221 ttnricitiam
1522 1162 1648 1221 nominis
1667 1179 1726 1219 uu·

441 1279 529 1338 quam
551 1263 653 1332 cumali,
689 1279 742 1321 uec
765 1265 937 1322 simultatem
960 1280 1026 1322 cum
1054 1267 1103 1321 itlo
1127 1266 1203 1321 trolui
1223 1281 1377 1334 exercere,
1411 1265 1543 1323 uidelicet
1570 1266 1747 1322 cousuleus⁵

304 1388 306 1392 ⁷
373 1365 683 1425 §anacronismum
703 1381 840 1423 meornrn.
887 1365 965 1434 (titia
985 1374 1081 1423 autern
1104 1366 1291 1423 inhumanius
1308 1382 1396 1439 qaam
1416 1366 1464 1423 la'c
1481 1382 1636 1424 recensere
1653 1364 1728 1439 quta

441 1468 584 1541 ell'atitum
599 1469 637 1525 sil
650 1469 679 1524 iu
697 1467 795 1525 literis
809 1467 1068 1540 compotationibus
1082 1475 1133 1525 ctat
1145 1467 1432 1538 confabulationibus
1447 1469 1618 1537 amicornm,
1639 1468 1726 1524 ertias

441 1586 495 1629 nec
518 1571 647 1627 meminit
665 1569 689 1626 is
711 1571 763 1641 qui
783 1569 873 1637 elicit,
897 1585 950 1626 aec
971 1568 1004 1626 lei
1024 1572 1075 1640 (pu
1094 1566 1251 1640 reserant?
1270 1584 1369 1627 cerrum
1391 1569 1439 1625 noi
1452 1585 1500 1626 res
1519 1569 1622 1640 apitur
1636 1569 1724 1638 serio,

372 1680 499 1733 §.sutum
522 1677 651 1746 apparet
671 1670 744 1742 quid
761 1670 870 1728 ltalrcas
891 1672 992 1727 animi.
1037 1669 1223 1743 Scripseram
1243 1669 1420 1738 Ileuclrliuo‚
1442 1673 1529 1728 etiam
1547 1678 1616 1728 ante
1632 1685 1723 1742 quam

439 1775 581 1843 ualerem,
606 1779 638 1830 ut
659 1774 691 1829 iu
711 1770 920 1830 Hocnsuuuun
944 1779 972 1829 ct
1000 1773 1078 1829 illius
1097 1774 1212 1830 sotlecles
1235 1773 1415 1830 neoderntias
1436 1773 1636 1841 irruelteretar,
1665 1788 1723 1830 uon
1736 1786 1759 1825 ια

439 1875 518 1949 qnod
538 1874 609 1932 benc
630 1876 729 1932 cellam
751 1873 941 1942 Iloclistrato,
967 1874 1021 1932 scel
1041 1874 1119 1946 arnul
1136 1873 1307 1932 lleurltlino.
1347 1874 1381 1931 Si
1396 1875 1528 1947 l'apniort
1548 1876 1648 1932 omma
1668 1890 1725 1932 sua

438 1979 539 2036 solitus
557 1981 601 2034 est
620 1975 777 2047 effurulere
799 1977 828 2032 in
849 1978 945 2033 sinum
971 1975 1105 2044 Halani,
1139 1994 1195 2035 uon
1226 1977 1324 2034 acubitu
1353 1979 1423 2052 quiin
1451 1983 1479 2034 et
1505 1976 1560 2033 llas
1584 1978 1727 2048 apr'stolas

371 2080 607 2138 §.se-ostentate.
655 2078 746 2148 Ortum
769 2079 867 2135 Coun’s
888 2094 907 2133 α
926 2094 1000 2135 αααα
1023 2080 1131 2150 Aquila
1153 2080 1309 2137 molitoris
1334 2079 1511 2144 consuleret,
1540 2094 1580 2134 au
1607 2077 1728 2135 deberet

438 2184 611 2239 siatnltatem
632 2182 778 2237 remittcrc
800 2178 975 2237 llocltstrato
997 2180 1050 2236 lua
1070 2187 1129 2237 tum
1144 2182 1291 2253 promissa
1304 2179 1460 2252 palinodia
1478 2180 1630 2246 aralienti,
1655 2179 1728 2236 decli

438 2285 589 2342 corallium
618 2288 649 2339 at
675 2283 773 2338 animo
795 2280 962 2339 Christiano
991 2284 1148 2339 remitteret
1172 2284 1322 2340 iniuriam.
1368 2283 1461 2353 aitque
1488 2284 1526 2351 is,
1559 2296 1649 2354 aaran
1678 2295 1725 2338 me
1735 2294 1759 2333 rs

438 2386 661 2442 virulentissime
683 2383 838 2456 appetisset
855 2382 945 2451 Lens,
968 2398 1061 2440 meum
1085 2384 1157 2440 milri
1173 2385 1323 2441 consitium
1346 2385 1479 2455 inpassit,
1508 2384 1671 2441 admonens
1693 2389 1727 2439 at

438 2487 517 2559 ipriotl
536 2488 597 2559 ipsc
617 2500 679 2541 meo
704 2501 794 2542 suasa
813 2483 933 2554 fecisset
957 2487 987 2541 iu
1010 2484 1202 2555 Ilucltstrnto,
1229 2502 1307 2541 nunc
1333 2485 1468 2556 lacerem
1496 2487 1524 2541 in
1547 2484 1615 2542 Leo.
1657 2484 1726 2541 laec

371 2589 566 2662 §.minus-tota
588 2587 689 2645 doceri
707 2594 836 2660 possunt.
884 2588 976 2655 ζαααα
999 2586 1146 2645 Busclrius
1165 2592 1239 2643 esset
1260 2588 1404 2644 rediturus
1425 2602 1512 2658 opus,
1539 2587 1590 2643 cui
1608 2586 1724 2642 titulum

440 2693 524 2748 vortit
544 2690 675 2747 ‘l'allum
695 2687 901 2757 lrnrnauitatis',
924 2689 1066 2745 ααααααα
1082 2689 1237 2758 linteamen,
1267 2690 1472 2746 moderaretur
1490 2689 1551 2745 stili
1570 2686 1724 2745 acerbita-

437 2800 503 2850 tem.
546 2791 713 2849 moderatus
734 2796 777 2847 est
798 2798 825 2848 et
845 2790 919 2848 lilrer
940 2792 1048 2862 lepitnr
1073 2791 1150 2848 citra
1177 2788 1321 2860 offensum
1347 2806 1366 2846 a
1394 2790 1494 2847 doctis.
1543 2787 1629 2846 Talia
1654 2794 1759 2862 sorau

437 2909 502 2952 mea
522 2895 645 2951 cortsllia
668 2907 756 2965 quum
777 2908 825 2948 res
847 2873 947 2964 ap‘itm
968 2893 1061 2959 serio·
1089 2908 1239 2964 rurrrquam
1264 2909 1321 2949 uon
1349 2892 1481 2949 lrortatns
1506 2906 1570 2948 sum
1592 2891 1635 2947 αα
1656 2906 1724 2948 mo-

438 2996 599 3053 deratiora.
638 2997 668 3052 iu
689 2995 827 3052 conuiuiis
847 3002 899 3051 ant
919 2993 1205 3065 corisululationiluts
1227 2996 1389 3051 arrn'eorum
1411 3009 1507 3065 uapor
1528 2993 1672 3065 qtticquitl
1692 2995 1722 3049 iu

438 3097 559 3156 lutccam
576 3098 665 3165 uertit,
681 3111 760 3169 saepe
775 3095 895 3153 liberius
912 3111 1001 3168 uttam
1015 3096 1151 3169 urpaait:
1168 3104 1203 3153 ‘ct
1217 3096 1272 3155 ltoc
1285 3095 1358 3153 milti
1370 3097 1467 3153 uitium
1483 3102 1525 3152 est
1538 3092 1724 3165 mccccimmn,

370 3206 470 3258 §.Stat
492 3201 535 3257 uit
558 3196 749 3257 Terentianus
776 3199 826 3255 ille
844 3198 1000 3254 Parmeno.
1047 3197 1115 3266 (tuis
1144 3206 1240 3254 uatem
1269 3214 1326 3255 nou
1353 3199 1499 3255 existimet
1524 3213 1564 3254 cn:
1593 3199 1723 3254 omnium

437 3302 583 3358 lrorninum
604 3300 748 3357 consortio
771 3298 1002 3367 (leturltuulum,
1034 3302 1061 3356 si
1086 3316 1139 3371 epo
1166 3316 1244 3357 rinae
1270 3299 1356 3357 retnis
1377 3300 1557 3357 ccalceratis
1578 3292 1757 3371 proferrem

437 3404 520 3461 relim
543 3417 611 3475 quae
632 3402 722 3459 amici
742 3400 842 3458 ttterts
863 3403 991 3474 epistolis
1013 3402 1055 3458 aa
1078 3418 1123 3458 rna
1148 3404 1388 3475 perscripserunt
1409 3409 1462 3458 tun
1482 3417 1547 3458 mea
1565 3400 1628 3470 fille
1647 3398 1726 3471 freti

437 3504 521 3578 upatl
535 3520 579 3561 rue
598 3502 782 3574 effutierant,
804 3505 892 3560 etium
912 3506 938 3561 si
957 3520 997 3562 eu·
1014 3505 1116 3560 urnicis
1131 3502 1211 3574 tacti
1222 3510 1317 3561 esseut
1334 3498 1466 3560 iru'mut?
1488 3505 1559 3559 Cara
1574 3501 1724 3560 Hnttenas

437 3606 518 3664 nobis
539 3611 680 3663 narraret
700 3622 731 3663 sc
752 3605 895 3663 tuatusse
916 3605 1021 3663 bellum
1036 3604 1277 3668 Bomaacusilurs,
1298 3605 1439 3676 ropulram
1453 3606 1559 3662 lurlerrs
1577 3604 1653 3676 qrtitl
1663 3602 1724 3676 fa-

369 3716 517 3768 t.85.rer·et
534 3707 789 3781 pra’tlicatorilras.
821 3708 973 3781 respondit
996 3708 1148 3776 urridens,
1171 3716 1199 3764 et
1219 3709 1282 3764 illos
1307 3706 1377 3777 sore
1393 3706 1603 3764 Bonumensrs.
1646 3705 1723 3763 Dein

437 3814 467 3869 iu
484 3812 621 3869 conviciis
642 3810 765 3867 subinde
787 3809 944 3881 rapulam,
966 3809 1085 3881 quarrtlo
1105 3809 1249 3881 pauleret
1261 3807 1463 3866 lloclrstratas.
1497 3808 1654 3880 respondit
1667 3808 1756 3865 litiano

436 3932 466 3972 se
487 3914 567 3971 breui
587 3920 770 3970 curaturum.
815 3913 876 3969 Setl
895 3912 959 3969 lutee
981 3911 1153 3969 tlicclruutnr
1175 3910 1220 3968 luis
1241 3910 1376 3979 cultilius,
1398 3918 1430 3966 at
1449 3925 1532 3967 reema
1554 3926 1613 3967 uon
1632 3912 1723 3967 irael-

368 4026 424 4075 §.sa
437 4018 541 4088 liperet
562 4024 715 4086 utrumque
736 4022 867 4071 nostrum
895 4014 998 4071 iocari.
1041 4013 1107 4070 Iam
1137 4029 1204 4069 reru
1232 4027 1369 4085 aetornum
1396 4013 1497 4068 attinet
1519 4028 1722 4083 recuperare,

435 4135 480 4176 rue
501 4118 569 4175 ‹ltrm
592 4122 678 4188 capto
701 4117 787 4172 artius
805 4118 951 4187 aratiam,
980 4116 1075 4188 ipsum
1097 4116 1127 4171 in
1148 4116 1274 4170 omnium
1303 4114 1401 4170 ollium
1428 4109 1629 4186 pertrahere?
1660 4115 1723 4171 Ar-

435 4221 586 4279 intrares·
607 4220 678 4276 meis
700 4218 816 4289 scriptis
838 4217 954 4289 ttliqnitl
974 4215 1087 4273 leonesti
1107 4217 1232 4273 nominis
1257 4232 1293 4273 ac
1314 4215 1432 4285 [acoris
1458 4217 1617 4272 accessisse
1639 4215 1723 4273 llut-

435 4330 513 4394 teno,
546 4321 608 4379 odii
632 4337 669 4377 ne
690 4322 795 4377 micam
824 4320 949 4392 attidem,
996 4321 1039 4375 itu
1072 4318 1138 4375 idco
1168 4319 1244 4374 canit
1271 4318 1300 4373 in
1332 4318 1430 4374 odiam
1461 4318 1607 4387 omnium,
1642 4319 1756 4391 arcoilo.

368 4438 425 4487 tar.
436 4426 615 4483 meminerim
638 4429 764 4495 qualitor
785 4423 974 4494 epistolarum
982 4417 997 4477 ὲ)
1029 4428 1061 4475 nt
1079 4437 1130 4477 eus
1151 4422 1210 4477 ium
1236 4420 1412 4489 etutlpurant
1433 4420 1498 4491 ipsi.
1545 4418 1606 4476 Sal
1623 4422 1725 4492 finpat

435 4545 481 4587 me
498 4530 567 4602 ptos
591 4540 680 4597 ααααι
698 4523 795 4581 hostili
813 4524 911 4580 animo
930 4522 1026 4592 faisse
1050 4525 1079 4579 in
1099 4521 1320 4584 Hoclrstratum,
1353 4527 1382 4576 ct
1405 4523 1500 4592 tinpat
1523 4530 1629 4594 postea
1654 4538 1724 4581 cum

435 4634 485 4689 illo
507 4630 619 4688 recisse
640 4627 671 4683 in
690 4627 836 4699 arentium,
860 4625 933 4696 quill
953 4624 1008 4680 troc
1030 4624 1073 4680 ad
1093 4618 1274 4681 llattenum?
1307 4624 1350 4678 Αα
1372 4637 1425 4694 epo
1450 4624 1508 4679 tale
1527 4622 1632 4692 fream
1654 4641 1723 4682 cum

434 4733 559 4791 Ilutteuo
583 4745 711 4803 tunquam
732 4730 797 4798 inii,
821 4728 909 4798 attale
929 4728 1021 4783 solent
1041 4742 1140 4797 repes,
1162 4741 1199 4782 ne
1220 4740 1286 4782 cnm
1307 4739 1450 4797 qttaouum
1472 4726 1623 4796 inteperent
1640 4729 1725 4784 oml-

439 4865 640 4875 ——d

468 4936 474 4968 ¹
490 4933 592 4999 errimus]
607 4932 722 4980 saitica
735 4930 824 4979 ultera
837 4927 954 4976 alteram
966 4926 1114 4988 ruli—llaret,
1130 4932 1159 4974 ut
1170 4926 1227 4974 fore
1239 4925 1346 4974 saltitat
1354 4928 1480 4973 Erasmus
1491 4925 1582 4975 ulti-ru
1591 4929 1722 4990 scabere,

435 5022 523 5072 altera
538 5020 629 5070 turim.
666 5016 686 5048 ¹⁹
702 5014 772 5065 uult.
782 5011 817 5078 lu]
833 5029 858 5062 a.
870 5012 940 5060 totu.
949 5012 1059 5061 nclitum.
1100 5008 1122 5040 ²³
1133 5012 1170 5059 Et
1182 5009 1249 5059 illud
1261 5010 1327 5058 mihi
1340 5007 1398 5074 etc]
1413 5011 1523 5060 'Ferunt¹
1533 5012 1602 5062 Hee.
1612 5014 1633 5063 l.
1642 5015 1667 5078 2,
1677 5014 1723 5066 37.

247 5259 392 5365 A
