3934 6034
248 684 389 735 cecum.
400 700 503 737 ennena
514 703 550 737 nu
561 703 595 737 oe
607 703 640 737 un
652 703 742 738 nocue
753 704 795 737 ur.
810 686 965 738 cccuxn.
974 702 1078 737 ennean
1089 701 1124 736 no
1134 694 1439 737 oocu.ne.o.a.nen.tstt.
1460 670 1533 742 403

247 861 302 917 sint
324 861 426 922 miuus.
445 860 519 918 nulla
539 862 636 917 iniuria
660 862 759 918 irritati
782 862 833 917 nisi
858 863 929 936 quoil
951 862 1028 918 libris
1044 863 1124 918 editis
1140 869 1255 917 testatus
1270 862 1394 922 inissem.
1420 862 1443 917 iil
1461 862 1532 936 qumi

248 964 291 1001 res
314 953 385 1009 erat,
409 965 450 1002 uie
475 946 590 1003 alienum
614 965 674 1003 esse
696 965 710 1003 a
735 948 851 1003 factione
873 948 1039 1004 Lntlieraua:
1068 948 1092 1002 iu
1121 963 1154 1001 eo
1175 947 1226 1002 leci
1249 948 1320 1021 quenl
1343 947 1449 1021 quidam
1471 965 1532 1003 meo

247 1033 355 1087 neruine
377 1031 555 1087 abuterentur
575 1033 644 1107 aprul
667 1033 792 1106 ignaros,
816 1051 898 1106 quum
922 1051 975 1088 non
1000 1033 1156 1105 ignorarent
1175 1049 1231 1087 rem
1251 1049 1328 1088 seeus
1347 1031 1455 1088 habere.
1486 1033 1531 1088 seil

246 1118 381 1172 continuit
404 1116 465 1173 illos
489 1118 637 1174 reverentia
661 1119 783 1191 (quamdam
805 1117 936 1180 leontinis.
967 1118 1039 1192 quoil
1062 1118 1126 1191 ipsi.
1158 1118 1327 1190 iqrrautumvis
1352 1118 1450 1191 iniqui,
1480 1135 1533 1173 non

224 1210 361 1274 anegare,
386 1202 419 1258 ile
442 1202 539 1258 stauliis
562 1202 676 1277 publicis
699 1212 840 1277 tantopere
863 1204 965 1259 meriti:
991 1203 1096 1258 tauilenr
1121 1203 1255 1258 liutteuus
1278 1201 1465 1276 lrue‘appulit,
1488 1204 1533 1276 qui

247 1286 391 1359 instigatus
420 1288 454 1343 ab
481 1288 582 1343 insanis
608 1287 712 1362 aliquot
740 1288 849 1343 strinxit
874 1289 900 1343 in
929 1306 970 1343 ine
997 1305 1153 1344 materonum
1181 1286 1274 1342 calami
1298 1288 1353 1350 sui,
1383 1305 1533 1359 congerens

246 1371 372 1445 quiequiil
399 1373 543 1428 criminum
570 1381 678 1447 poterat
707 1374 733 1429 in
761 1391 922 1448 quemquam
945 1372 1078 1445 contingi:
1109 1373 1171 1428 huie
1193 1372 1382 1445 respondimus
1406 1372 1546 1446 Spongia

246 1455 290 1510 ille
315 1457 414 1530 periit:
445 1467 508 1531 post
534 1459 604 1514 berrue
632 1467 743 1514 exertus
767 1466 809 1514 est
838 1458 906 1514 alius
935 1458 982 1513 illo
1007 1466 1062 1513 tum
1086 1458 1222 1513 ineluetior
1241 1466 1296 1512 uun
1319 1457 1467 1518 rabiosum,
1490 1458 1533 1512 eui

247 1542 366 1596 rionrlum
386 1543 592 1616 respuntliumm
616 1551 643 1599 et
665 1544 818 1600 consultius
841 1543 960 1599 arbitror
975 1542 1128 1615 negligere,
1152 1542 1367 1617 quamloqniilem
1383 1543 1463 1597 aurelio
1478 1560 1532 1597 nou

217 1635 238 1674 ¹⁰
248 1644 349 1699 pauens
370 1627 438 1683 alios
458 1629 592 1684 aeeinetos
614 1629 646 1684 ml
669 1629 820 1685 huiusmodi
844 1629 968 1703 vipereus
991 1627 1098 1683 libellos
1121 1628 1147 1682 iu
1170 1645 1212 1682 me
1236 1627 1380 1683 iaciendos.
1421 1627 1461 1682 uu
1483 1628 1533 1683 lane

245 1728 332 1783 geniis
355 1713 523 1786 intomperiis
546 1731 593 1769 nee
615 1715 703 1770 Canae
726 1733 775 1770 nee
793 1714 915 1788 pontifex
934 1721 1026 1787 potest
1048 1730 1089 1769 me
1111 1713 1194 1767 tueri:
1224 1729 1273 1767 nee
1301 1713 1372 1768 enim
1402 1713 1447 1768 isti
1467 1713 1533 1768 ileos

245 1805 373 1852 verentur
395 1816 443 1853 uee
468 1797 598 1854 homines.
643 1799 720 1855 Tales
748 1808 967 1874 propugnatores
996 1799 1125 1872 quosdam
1154 1798 1233 1853 lrabet
1263 1798 1312 1852 lroe
1336 1815 1432 1853 norum
1456 1815 1534 1852 erau-

246 1880 362 1951 gelium,
393 1890 445 1939 tani
468 1882 568 1939 stultos
589 1894 616 1939 et
639 1884 761 1947 insanos,
791 1894 820 1940 ut
841 1886 898 1959 ipse
919 1883 1054 1939 Lartlrerus
1083 1892 1109 1938 et
1130 1882 1317 1938 llelanelrtlmn
1345 1891 1479 1955 eoguntur
1507 1882 1533 1937 iu

245 1984 293 2021 eos
312 1967 441 2024 seribere.
486 1986 637 2043 quanquam
664 1969 709 2024 isti
738 1987 786 2026 nee
811 1987 876 2025 suos
905 1970 1051 2043 episcopus
1074 1975 1232 2024 reverentur
1254 1976 1280 2024 et
1303 1976 1413 2023 nostros
1436 1970 1532 2023 nurum

215 2064 325 2124 uquam
348 2053 554 2127 ailspernentur.
596 2055 638 2110 nic
662 2054 753 2109 nrrllus
776 2063 817 2110 est
839 2065 890 2110 tam
912 2053 971 2109 uilis
991 2060 1037 2108 aut
1058 2053 1183 2108 soulidus
1213 2054 1277 2126 quin
1304 2053 1400 2109 audeat
1422 2053 1535 2108 licenter

244 2137 360 2192 convitia
386 2138 472 2194 iacere
502 2138 528 2193 in
555 2141 686 2213 optimum
713 2157 860 2213 quemque.
892 2157 981 2212 neque
1010 2138 1093 2211 pudet
1119 2139 1262 2211 quiequam
1293 2155 1380 2211 neque
1409 2145 1533 2193 uretuunt

245 2239 406 2296 quenquam.
451 2224 502 2280 lam
525 2232 631 2299 tempus
654 2233 712 2280 erat
735 2233 764 2279 ut
786 2224 883 2281 studiis
906 2224 972 2279 meis
1005 2223 1124 2285 fruerer,
1155 2232 1182 2279 et
1205 2223 1231 2278 iu
1254 2223 1302 2278 lias
1325 2222 1418 2279 turbas
1441 2223 1533 2278 incidit

245 2325 302 2362 mea
326 2317 466 2371 senectus.
499 2327 559 2383 qum
583 2328 666 2383 iqriiim
689 2318 790 2383 preter
812 2309 892 2365 solita
913 2326 1008 2365 senum
1032 2308 1197 2364 ineouunoda
1219 2306 1405 2362 crudelissime
1424 2316 1535 2363 vexetur

246 2391 365 2455 calculo,
390 2403 477 2450 taiiien
501 2395 558 2451 luee
579 2395 614 2450 sit
636 2395 744 2451 minima
767 2394 898 2451 mulorum
919 2394 1027 2468 portio:
1057 2410 1106 2449 nee
1129 2394 1237 2448 interim
1259 2392 1321 2448 lieet
1345 2392 1439 2465 lingere
1456 2436 1461 2447 .
1479 2436 1485 2447 .
1503 2435 1533 2447 ..

213 2489 238 2528 tt
249 2520 467 2533 ..........
484 2479 512 2534 ln
531 2479 582 2536 laec
601 2480 721 2536 seculum
741 2497 798 2535 mea
822 2488 946 2535 seueetus
968 2478 1051 2534 veluti
1070 2496 1129 2533 mers
1151 2478 1223 2552 quoil
1246 2477 1322 2533 aiunt
1346 2478 1371 2533 in
1392 2478 1477 2551 piceni
1494 2479 1534 2533 in·

244 2564 318 2618 eirlit.
362 2564 470 2620 lnterim
493 2566 668 2639 antiquantur
688 2564 765 2621 honae
788 2564 953 2639 disciplinae,
975 2562 1153 2637 negliguntur
1170 2563 1247 2618 lionae
1263 2562 1357 2618 literae.
1402 2572 1534 2620 merente

245 2649 356 2704 satietas
380 2649 459 2705 lrabet
482 2650 600 2706 emnium
621 2650 786 2713 studiorum,
815 2659 959 2724 postquam
982 2649 1059 2704 rideo
1079 2657 1177 2704 tantam
1204 2648 1341 2703 bominum
1363 2648 1535 2722 ingratitudi-

245 2750 323 2794 nem,
346 2742 376 2789 ut
399 2735 444 2808 qui
461 2752 493 2789 ex
515 2735 582 2791 meis
605 2734 681 2790 libris
703 2736 855 2792 ‹liiliceruut
884 2734 1018 2790 sermonis
1039 2734 1159 2807 copiam.
1185 2734 1308 2789 sertatim
1335 2734 1360 2789 in
1388 2752 1430 2789 me
1453 2735 1535 2789 strin-

245 2826 311 2891 gant
333 2818 474 2875 ealauuuu.
515 2820 577 2876 llaee
599 2820 683 2875 visum
705 2829 747 2876 est
770 2822 796 2875 in
818 2819 894 2875 amici
916 2820 1004 2874 sinum
1028 2819 1180 2874 elluuilere:
1209 2818 1275 2874 nilul
1304 2818 1390 2874 lralieu
1419 2837 1474 2892 quo
1492 2837 1534 2874 me

211 2903 373 2961 ascensores
390 2914 491 2978 praeter
515 2904 610 2961 bernam
634 2923 697 2978 erga
720 2906 855 2961 Christum
878 2905 1085 2965 eurueientiam
1107 2905 1184 2960 euius
1207 2904 1302 2974 pluria».
1322 2911 1381 2960 teto
1398 2906 1473 2959 laven
1489 2922 1535 2978 pe·

244 2997 330 3045 etore.
376 2990 445 3045 liene
465 2989 530 3045 vale.
553 2989 630 3046 ltasil.
646 2991 732 3065 pridie
755 2990 904 3065 paschatis.
927 2990 978 3046 lum
993 2999 1035 3045 est
1053 2996 1095 3049 ⁶26.
1111 2989 1213 3050 llartii,
1236 2991 1283 3044 itu.
1303 2996 1375 3049 tout.

262 3256 398 3292 trime.
778 3223 1001 3301 CCCLXII.
1231 3249 1374 3318 genu·
1394 3242 1431 3304 u·
1447 3243 1517 3303 1⁵21.)

609 3377 795 3460 nns[tuunu]
819 3382 938 3439 unnsut
962 3381 1171 3438 {retenentur

648 3484 807 3525 urrunnun
830 3484 1065 3526 sucuurrsslua
1087 3483 1130 3523 nr>

645 3567 681 3616 Μ.
701 3565 902 3617 CONRADVM
921 3565 1137 3616 GOCLENIVM

542 3655 671 3695 nerium
694 3655 823 3696 ulnuvau
842 3654 977 3696 uovuuu
1001 3653 1233 3695 eneruesonnu

561 3742 621 3779 eum
645 3725 695 3798 ipsi
719 3725 779 3781 vitae
801 3743 856 3780 suae
878 3724 1066 3798 eumpenilium
1086 3725 1215 3785 mitteret,

588 3827 619 3865 ex
643 3811 727 3882 ipsius
750 3828 829 3866 uranu
853 3809 968 3865 fideliter
990 3816 1191 3883 repraesentata.

812 3919 963 3928 —-——

621 3960 657 4007 M.
677 3958 850 4010 CONRADO
870 3958 1057 4009 GOCLENIO
1077 3957 1104 4007 S.
1123 3958 1158 4007 D.

623 4032 820 4123 Ἀναγίνωσκε
842 4036 948 4122 μόνος,
971 4040 1022 4102 καὶ
1044 4036 1155 4120 λάθρα.

331 4167 421 4222 Restat
443 4175 579 4223 extremus
602 4175 677 4222 artus
698 4166 778 4223 lanius
801 4166 912 4230 fabulae,
936 4166 967 4222 ad
991 4184 1070 4240 quem
1090 4166 1269 4241 peragendam
1286 4184 1355 4239 opus
1370 4173 1413 4222 est
1427 4165 1588 4242 Pyladem

244 4315 377 4366 cccxu.
400 4316 459 4365 l::
470 4318 579 4366 lirusmi
592 4318 660 4381 Epp.
676 4316 745 4376 (luel.
760 4315 827 4365 bibl.
841 4315 969 4396 anijin.)
989 4321 1085 4382 quarto
1104 4317 1252 4381 quintoque
1270 4314 1335 4364 libri
1354 4314 1438 4364 loliis.
1474 4316 1536 4363 ⁶2:

313 4452 323 4484 ⁸
343 4450 425 4517 alius]
445 4452 512 4501 Otto
530 4451 732 4502 Brunnieleiue.
753 4452 896 4502 Ridiculus
914 4452 1001 4503 vetuli
1019 4454 1127 4503 Ereemi
1146 4454 1289 4502 timerent
1308 4457 1336 4500 et
1354 4467 1453 4516 ungor,
1478 4467 1535 4517 prm

245 4537 343 4602 quibus
363 4538 465 4601 ignaru
485 4537 592 4587 molitio
610 4538 644 4587 de
664 4539 765 4587 iniuria
784 4539 886 4604 optimo
904 4539 1007 4588 homini
1027 4538 1080 4587 eibi
1098 4538 1179 4587 uniee
1199 4535 1356 4587 admirabili
1368 4536 1533 4601 dilectoque,

245 4624 263 4672 i.
278 4638 302 4672 e.
321 4622 376 4671 silai
396 4624 448 4687 ipsi
468 4623 546 4671 fucta
564 4637 618 4671 nou
636 4623 690 4673 uisi
708 4624 737 4672 in
756 4624 847 4674 verbis
866 4623 900 4672 eil
920 4622 991 4673 nlioe
1009 4623 1124 4672 directis
1142 4638 1288 4687 prorepere
1309 4621 1399 4671 audet.
1435 4620 1535 4670 Volue-

244 4715 288 4756 rnt
308 4707 386 4757 homo
405 4724 419 4757 e
439 4706 555 4756 latebris
574 4708 631 4756 artie
649 4708 803 4758 simulando
821 4708 1074 4773 dissimulandoque
1093 4707 1252 4773 splendere3
1271 4709 1411 4757 Huttenus
1430 4705 1534 4755 stellio-

244 4807 306 4841 nem
325 4808 340 4841 e
359 4793 435 4842 rimis
455 4793 575 4858 expavit.
611 4792 879 4859 hineillmquerulm
898 4792 1025 4859 epistulae
1044 4792 1226 4858 lugentesque
1246 4791 1374 4842 eiulatus.
1427 4788 1536 4849 ²⁰Mric

243 4876 344 4941 πίττης
362 4869 441 4943 γεύῃ.
455 4879 558 4927 blacan.
572 4876 619 4927 VI.
633 4877 657 4927 li.
728 4875 750 4909 ¹⁵
768 4876 856 4945 t0t0]?
874 4880 989 4928 Erasmo
1007 4878 1116 4927 Ernemi
1135 4880 1163 4927 in
1181 4882 1294 4943 pectore
1312 4878 1428 4943 primum
1446 4876 1536 4926 locum

244 4963 374 5012 birunnun
393 4963 449 5012 «lut.

312 5048 335 5078 ³⁶
352 5049 430 5112 Lege
449 5047 523 5096 eolus
542 5053 570 5097 et
589 5047 660 5108 elqru
679 5048 760 5113 nequi
779 5049 880 5098 seiont.
910 5048 1011 5111 (Pauca
1028 5052 1053 5098 in
1071 5049 1119 5098 liae
1136 5050 1246 5113 epistula
1262 5050 1387 5104 inuenies,
1412 5065 1470 5113 qnae
1487 5064 1536 5100 non

1247 5133 1311 5194 26*
