3934 6034
427 673 500 743 272
599 687 795 738 cccxxxm.
816 704 935 740 seonoxn
947 705 1049 740 lennem
1061 706 1204 740 nos'nusvs
1217 704 1387 739 nsennotuns
1401 704 1531 740 aurnuns.

337 910 341 919 .
426 862 501 919 nibil
530 876 603 936 opus
634 868 701 919 erat
722 861 843 921 ambire
872 864 1061 935 colloquium,
1098 865 1160 937 ipse
1186 865 1273 921 altro‘
1288 866 1333 922 uel
1358 878 1517 934 conpressu
1544 862 1590 920 ael
1614 861 1712 919 literis

426 965 561 1021 nascenti
584 964 661 1021 malo
685 964 848 1022 medicatus
868 963 1011 1035 fuissem:
1043 982 1168 1023 nornen
1188 964 1348 1037 dequibus
1374 964 1485 1023 uolebat
1507 965 1710 1038 eapostulare,

359 1080 515 1136 §.nquam
543 1065 601 1122 siut
624 1063 752 1135 friuola,
782 1082 851 1124 ntor
879 1069 1024 1140 aperiam.
1071 1068 1132 1125 Sed
1153 1067 1251 1141 prodo
1277 1068 1482 1125 conscientiam
1509 1069 1709 1140 insqncerarn,

426 1166 506 1239 quod
530 1167 560 1223 in
587 1167 679 1225 literis
698 1168 741 1225 ad
759 1167 923 1227 laurinum
950 1177 1088 1243 pruteno
1113 1168 1325 1242 bppocaustum
1344 1167 1440 1239 fnisse
1464 1170 1494 1225 in
1513 1183 1623 1237 causa,
1651 1182 1711 1241 quo

425 1269 521 1325 minus
541 1270 692 1339 conpressi
710 1271 813 1341 simas,
843 1273 920 1329 oeten
946 1273 1088 1330 amoliens
1111 1287 1131 1328 a
1158 1287 1203 1329 me
1231 1272 1343 1328 crimen
1367 1270 1597 1328 inhumanitatis.
1644 1268 1733 1327 Imos

424 1371 501 1428 soleo
521 1369 643 1427 libenter
664 1372 694 1429 in
716 1374 834 1446 scriptis
851 1375 922 1431 meis
944 1375 1105 1432 amicorum
1123 1375 1285 1431 meminisse
1301 1388 1361 1445 per
1380 1373 1575 1441 occasionem,
1598 1386 1710 1444 quum-

425 1488 481 1544 que
496 1473 601 1546 plures
616 1479 711 1531 esseut
724 1489 825 1531 causoe
839 1491 895 1533 cur
911 1476 1115 1533 detrectassem
1132 1475 1320 1547 colloquium,
1339 1475 1432 1531 solam
1447 1476 1476 1531 iu
1493 1475 1586 1531 literis
1600 1473 1709 1530 ceden-

390 1633 399 1649 ,
426 1574 472 1632 dis
491 1589 557 1631 eam
576 1572 691 1645 resero,
718 1592 784 1648 qua
811 1575 886 1634 nibil
912 1576 1034 1636 baberet
1060 1579 1131 1649 odii,
1160 1579 1275 1635 tametsi
1298 1574 1443 1634 Halteuas
1471 1576 1549 1633 lianc
1575 1575 1708 1634 odiosam

358 1683 511 1748 §.samosat
535 1677 565 1733 in
588 1677 717 1748 quadam
737 1679 869 1751 epistola.
912 1678 996 1738 Illud
1014 1696 1086 1737 saue
1106 1679 1280 1750 ridiculum,
1307 1678 1387 1751 quod
1404 1677 1579 1750 frequenter
1602 1676 1709 1734 obam-

426 1780 544 1850 bulans,
567 1788 598 1838 ut
617 1781 673 1849 crit,
692 1787 807 1853 praeter
829 1781 944 1838 domum
967 1797 1061 1840 meam
1083 1797 1205 1839 euocare
1222 1787 1345 1839 conatus
1357 1782 1396 1838 sit
1407 1796 1452 1838 me
1466 1780 1509 1837 ad
1521 1780 1707 1852 colloquium,
1721 1795 1743 1834 u

424 1898 478 1941 nec
499 1898 545 1940 me
565 1882 598 1939 id
614 1880 739 1962 rupisse.
784 1884 894 1941 scilicet
912 1885 990 1941 soleo
1014 1883 1126 1942 mamea
1151 1893 1280 1958 tempore
1307 1882 1441 1941 obsidere
1467 1882 1508 1939 ad
1530 1880 1706 1952 fenestram,

421 1986 606 2059 prospiciens
625 1986 652 2042 si
672 1984 738 2057 qais
759 1991 929 2058 praetereat.
973 1984 1035 2044 Sed
1055 1987 1129 2060 qaid
1148 2002 1221 2061 opus
1241 1992 1308 2044 erat
1327 1986 1370 2042 sic
1394 1979 1524 2043 elicere?
1554 1998 1707 2055 nunquam

421 2086 491 2159 sere
510 2101 567 2145 nou
586 2086 707 2161 patebat
724 2088 828 2144 ostium
852 2087 955 2145 domnis
976 2103 1062 2158 mea,
1084 2095 1113 2146 ct
1131 2096 1243 2162 praeter
1261 2101 1370 2145 morem
1391 2086 1478 2143 buius
1500 2086 1580 2144 urbis
1600 2086 1709 2144 licebat

425 2189 545 2262 inpredi
560 2196 588 2248 et
608 2191 761 2263 postulare
780 2191 953 2262 colloquium
960 2210 971 2258 ‚·
1005 2190 1110 2263 quodsi
1130 2189 1214 2261 sores
1235 2196 1323 2248 erard
1345 2190 1484 2259 occlusa,
1509 2188 1616 2247 licebat
1633 2189 1708 2262 pul-

357 2308 502 2366 quosare.
547 2292 584 2349 At
605 2298 636 2349 tn
657 2290 882 2365 deprecabaris,
902 2292 1008 2364 iuquit,
1031 2293 1214 2365 colloquium.
1257 2291 1401 2350 Orcooum
1418 2291 1580 2364 pudorem:
1608 2296 1706 2347 utrum
1719 2307 1743 2346 ts

387 2455 393 2466 ,
423 2394 514 2467 iqitur
539 2394 733 2452 uerecundius
758 2399 825 2452 erat
852 2394 938 2451 adire
967 2394 1172 2452 detrectantem
1193 2395 1382 2467 colloquium,
1413 2409 1453 2451 au
1481 2407 1549 2450 moa
1577 2391 1708 2449 scribere

424 2498 511 2554 talem
532 2496 659 2555 libellum
678 2496 708 2553 iu
730 2497 856 2553 amicum
877 2495 952 2554 nibil
972 2491 1191 2570 suspicantem?
1222 2495 1372 2554 Debuerat
1385 2497 1487 2553 saltem
1508 2495 1630 2567 epistola
1645 2510 1707 2551 ex-

421 2600 572 2672 postulare
588 2599 675 2672 prius
696 2613 785 2670 quam
811 2596 890 2656 banc
911 2605 1089 2671 acceptaret
1109 2598 1300 2670 trupcediarn,
1320 2613 1387 2656 cum
1408 2604 1448 2655 tot
1467 2596 1577 2655 scribat
1593 2593 1707 2670 episto-

425 2702 487 2758 las:
521 2695 616 2758 *soiet
640 2699 766 2757 bostibas
793 2700 887 2757 missis
909 2698 1068 2771 fecialibas
1095 2701 1278 2758 dertanciare
1304 2700 1425 2769 bellum,
1454 2706 1483 2758 et
1503 2700 1629 2756 amicum
1654 2698 1706 2755 in-

358 2827 377 2877 q,
384 2830 416 2874 54,
425 2803 590 2878 opinantem
614 2796 773 2875 adoritur?
804 2801 842 2858 At
855 2799 984 2873 forsitan
1007 2804 1083 2861 dicet
1102 2818 1133 2860 se
1154 2801 1287 2859 nonnibit
1306 2803 1488 2874 siquiticassc
1504 2800 1742 2875 Eppbeudor-so

422 2906 475 2979 pio
496 2904 533 2963 de
551 2906 649 2962 auimo
671 2904 701 2961 in
723 2920 769 2963 mc
786 2921 848 2964 sao.
890 2904 976 2963 istud
995 2922 1049 2979 epo
1070 2907 1122 2977 qai
1141 2905 1276 2962 diuinare
1293 2906 1389 2977 potui,
1414 2919 1480 2962 cam
1502 2902 1706 2976 Eppbendor-

419 3009 491 3082 pias
511 3012 679 3065 constanter
697 3004 868 3077 affirmaret
888 3008 972 3081 apud
991 3023 1036 3066 me
1056 3024 1087 3065 se
1107 3008 1219 3064 nullam
1244 3008 1395 3065 alienioris
1416 3006 1510 3063 anirni
1529 3010 1626 3063 notam
1648 3004 1707 3063 de-

422 3108 609 3184 prebendcre
628 3110 659 3166 in
679 3104 828 3167 Hutteno?
858 3108 899 3167 Id
918 3126 980 3168 esse
1002 3126 1115 3179 oerum,
1137 3110 1200 3183 ipse
1220 3108 1470 3182 Eppbendorpius
1491 3123 1548 3165 non
1570 3112 1660 3180 rreqat
1679 3114 1707 3164 et

422 3210 596 3284 frequenter
609 3210 766 3285 professus
785 3217 841 3281 est,
863 3228 952 3285 quum
974 3213 1058 3286 apud
1077 3228 1123 3270 nte
1143 3218 1202 3269 tam
1223 3212 1307 3284 apud
1325 3212 1399 3269 alios
1419 3211 1597 3283 complures,
1627 3224 1704 3281 quo-

358 3329 492 3391 mrum
513 3319 557 3371 est
573 3311 699 3383 Beatus,
717 3313 897 3384 Glareanus,
913 3314 1071 3372 Bolzemus
1085 3315 1193 3387 aliique
1208 3315 1350 3372 nonnulli.
1390 3313 1476 3371 l'ides
1490 3314 1588 3384 iqitur,
1605 3315 1704 3382 lector,
1715 3330 1742 3367 es

426 3432 514 3489 qnam
535 3415 583 3474 bic
604 3415 678 3473 nibil
697 3431 716 3472 a
737 3431 783 3473 me
803 3418 984 3475 commissum
1003 3418 1049 3475 uel
1064 3418 1217 3475 inciviliter
1233 3418 1278 3473 acl
1290 3415 1414 3489 superbe
1428 3417 1472 3473 uel
1483 3429 1596 3487 parum
1612 3415 1706 3471 amice

424 3520 470 3577 nel
486 3534 526 3576 ex
546 3520 625 3576 mata
647 3519 834 3576 couscientia.
878 3518 963 3577 Nuria
984 3519 1058 3576 mibi
1074 3521 1154 3591 finqe
1175 3518 1291 3591 aliquid
1312 3518 1472 3575 admissum
1495 3517 1707 3591 preterleqes

421 3622 606 3693 qratiorum,
628 3635 694 3677 cam
713 3617 849 3689 fateatur
871 3636 916 3679 me
935 3622 1022 3679 talem
1039 3622 1166 3679 arcticum
1181 3622 1297 3692 quatem
1319 3621 1370 3678 air
1389 3618 1491 3676 babuit
1510 3619 1617 3685 atium,
1638 3632 1705 3676 oum

421 3722 557 3795 fateatur
582 3723 653 3779 meis
678 3720 826 3780 laboribus
849 3724 938 3781 etiam
962 3722 1081 3796 publice
1101 3724 1221 3781 multum
1244 3722 1349 3780 debere
1372 3722 1576 3779 Germaniam:
1609 3736 1706 3777 uortne

419 3826 509 3900 prius
529 3823 679 3900 oportebat
698 3828 887 3897 expostulare
906 3841 995 3898 qaam
1017 3827 1104 3883 talem
1124 3825 1223 3884 cedere
1242 3823 1384 3892 libellam,
1407 3838 1463 3896 quo
1477 3825 1589 3881 maltum
1604 3822 1741 3881 adbucso

424 3929 454 3985 in
475 3940 640 3999 quenquam
656 3928 774 3999 scripsit
788 3922 1027 3986 virulentiorem?
1053 3936 1081 3985 et
1094 3930 1209 3985 interim
1223 3926 1483 4000 expostulationem
1498 3931 1595 3994 vocnt,
1617 3931 1706 3997 atque

356 4029 455 4101 §.suin
477 4029 600 4102 epistola
620 4028 751 4101 quadam
776 4030 957 4087 mitissimam
981 4036 1065 4088 uocat
1087 4045 1145 4103 pro
1173 4030 1219 4087 rei
1236 4029 1397 4087 atrocitate.
1440 4026 1497 4085 Ubi
1515 4042 1594 4084 uurtc
1614 4028 1706 4097 iqitur

425 4133 469 4190 illi
490 4146 655 4189 communes
676 4132 777 4203 amici,
806 4130 910 4203 quibus
935 4132 1013 4191 dolet
1034 4130 1192 4191 Haltenam
1221 4133 1370 4205 repulsum
1391 4147 1410 4187 a
1431 4130 1586 4202 colloquio,
1614 4144 1703 4202 quam

424 4232 674 4308 Eppbendorpius
694 4235 768 4292 sciat
788 4249 846 4291 uon
863 4250 925 4293 esse
946 4236 1112 4308 repulsum,
1133 4240 1162 4292 ct
1179 4232 1294 4304 sactum
1310 4231 1433 4292 Hutteni
1450 4231 1603 4305 improbet,
1625 4230 1707 4303 quod

356 4353 461 4408 §.sune
479 4338 571 4410 possit
590 4337 720 4407 inficiari
739 4333 895 4407 Hattenas,
918 4337 980 4411 ipse
999 4338 1060 4394 sais
1081 4336 1124 4395 ad
1141 4352 1186 4395 me
1203 4338 1294 4394 literis
1313 4342 1444 4394 testatur.
1483 4334 1576 4407 Atque
1598 4332 1741 4391 baete-ss

422 4457 478 4498 nas
499 4439 536 4498 de
562 4439 720 4498 detrectato
741 4440 891 4511 colloquio.
939 4455 1019 4497 nuno
1040 4439 1083 4496 ad
1100 4439 1226 4497 mimum
1249 4438 1421 4496 ueniendum
1441 4443 1499 4502 est,
1527 4435 1631 4508 quibus
1655 4436 1706 4494 ille

421 4548 531 4600 natura
553 4542 630 4600 mitis
643 4540 765 4600 Halteni
785 4542 901 4598 artimus
920 4541 963 4598 ad
980 4546 1093 4599 tantam
1114 4541 1256 4599 saeuitiam
1277 4545 1473 4614 exasperatus
1489 4541 1541 4597 sit:
1568 4553 1605 4596 ea
1619 4537 1705 4595 aide-

421 4646 487 4704 licet
513 4650 626 4720 oportet
650 4660 713 4702 esse
740 4643 921 4702 inclementer
948 4644 1074 4700 atrocia.
1119 4643 1241 4701 Fatetur
1267 4652 1397 4701 nostram
1424 4642 1582 4699 amicitiam
1607 4638 1707 4710 faisse

423 4764 481 4806 non
503 4750 669 4820 utdparem,
699 4744 815 4817 fatetur·
839 4761 884 4803 me
905 4746 1061 4817 rnoqriifiae
1083 4747 1216 4803 meritum
1240 4761 1278 4803 ac
1304 4746 1413 4803 mereri
1435 4744 1472 4802 dc
1491 4731 1619 4816 publicis
1639 4749 1706 4800 stu-

354 4852 497 4919 endiis:
527 4857 614 4924 atque
632 4849 680 4906 bic
702 4848 774 4906 ntibi
791 4850 859 4921 plus
878 4848 978 4905 tribuit
995 4862 1083 4919 quam
1100 4862 1242 4919 aquosco:
1273 4849 1360 4905 sumit
1373 4846 1428 4903 sibi
1441 4848 1570 4920 primam
1584 4845 1742 4902 laudcmso

423 4977 627 4987 -—-—--

467 5036 594 5102 ⁴Expost.
602 5038 641 5098 55.
653 5034 739 5099 laqq.
774 5033 916 5099 ⁹··'²Nequc
926 5032 986 5081 laec
997 5032 1077 5097 epist.
1089 5037 1174 5081 extat.
1182 5031 1231 5081 sed
1242 5032 1397 5095 ebblxpost.
1405 5031 1444 5090 5}-
1452 5031 1475 5080 4.
1483 5046 1541 5102 sqq.
1570 5029 1668 5079 ¹⁰nihil
1677 5032 1704 5081 3.
