3934 6034
404 668 643 720 cccxxxxffll.
663 684 794 720 rrnicrvn
808 684 911 718 saisiri
924 684 1028 718 aarum
1043 685 1076 718 aa
1091 684 1210 719 aeonum
1224 683 1326 717 cnasur
1340 682 1530 717 norcnonam.
1569 651 1640 723 375

356 863 410 901 uon
433 845 514 900 audet
537 844 646 918 prodire
673 844 781 899 timidus
803 843 1004 915 lantherumque
1027 843 1053 898 ia
1083 847 1195 916 negotio
1223 851 1275 898 tarn
1304 843 1483 899 saluberrimo
1511 842 1641 904 adiutare.

356 931 506 987 abhorrens
529 930 610 984 ctiam
633 929 740 985 interim
764 946 861 983 nonren
878 927 1073 989 lutheraauor.
1100 930 1176 1002 quasi
1194 929 1272 1002 impia
1288 929 1383 985 doceat
1398 929 1547 983 lutherus:
1566 936 1641 984 certe

357 1017 378 1071 si
399 1017 477 1089 impia
500 1016 595 1073 docet.
622 1033 660 1068 rae
684 1013 762 1068 nohis
785 1015 829 1087 qui
855 1031 914 1068 erran
938 1012 986 1068 illa
1005 1013 1173 1086 colligimus,
1197 1015 1238 1069 siu
1261 1015 1316 1087 pia.
1342 1014 1405 1087 quid
1427 1013 1544 1086 trepidat
1563 1012 1641 1068 Eras-

357 1103 434 1156 ums‘l
467 1101 580 1175 proinde
603 1100 624 1154 si
649 1099 750 1171 refugit
773 1098 898 1154 Erasmus
924 1099 1036 1153 lutheri
1064 1100 1232 1154 sanissimam
1253 1100 1416 1159 (fortunam,
1451 1098 1577 1171 indiguus
1598 1107 1641 1153 cst

333 1199 386 1242 aea
407 1187 478 1241 iusta
501 1185 609 1240 vorhtun
630 1184 738 1239 Christi.
782 1188 869 1258 iltquc
893 1202 908 1238 o
932 1184 1036 1239 utinum
1057 1185 1220 1258 consederet
1243 1184 1366 1240 Erasinus
1389 1183 1549 1239 horrendam
1565 1183 1640 1239 Chri-

355 1273 390 1326 sti
414 1272 591 1331 senteutiam,
620 1287 700 1343 quam
722 1270 827 1343 profert
850 1270 946 1324 dehis
969 1270 1016 1343 qm
1039 1287 1091 1325 uon
1114 1271 1255 1342 accingunt
1281 1277 1366 1325 semet
1387 1277 1481 1325 contra
1505 1268 1577 1323 vcrhi
1598 1269 1639 1323 sui

354 1356 537 1412 desolatores!
563 1355 663 1423 ‘Quem'
685 1356 773 1428 inquit
796 1355 931 1428 ‘qiaaduerit
952 1355 1004 1409 inci
1026 1372 1116 1410 coram
1146 1356 1195 1411 hac
1217 1356 1392 1427 generatione
1416 1371 1494 1428 praru
1519 1362 1546 1407 et
1569 1371 1640 1409 orario

356 1441 447 1497 rrrrrlhs
471 1441 557 1497 alodis
577 1440 818 1515 perniciosissima,
847 1439 958 1513 pudehit
983 1438 1056 1495 illins
1079 1449 1106 1495 et
1128 1440 1211 1496 filiurn
1233 1440 1349 1495 hominis
1374 1457 1464 1495 eoram
1487 1448 1564 1512 patre
1586 1458 1639 1494 cre-

355 1527 439 1581 lesti’:
463 1528 561 1582 durum
580 1525 703 1585 verlmm,
726 1526 773 1580 sed
793 1524 916 1586 saluhre.
940 1524 1038 1597 quihus
1056 1526 1146 1580 elatum
1169 1534 1211 1581 est
1227 1543 1402 1598 cognoscere.
1435 1524 1544 1579 Interim
1562 1523 1640 1579 Eras-

325 1623 416 1667 tvmus
443 1612 614 1667 adhlanditur
643 1611 693 1665 sihi
723 1610 833 1684 vultque
863 1610 972 1683 egregie
996 1611 1144 1683 profecisse
1172 1629 1214 1671 se,
1251 1612 1312 1666 dum
1343 1610 1522 1684 paraphrases
1548 1610 1642 1664 eorrdit

354 1715 439 1753 caecas
462 1706 617 1769 mutasque,
642 1696 762 1769 adeoque
783 1696 888 1751 ridetur
910 1696 1089 1756 satisfecisse.
1112 1697 1175 1752 dum
1196 1696 1295 1752 leuiter
1313 1696 1387 1750 etad
1407 1695 1511 1750 literani
1528 1695 1640 1767 attingit

354 1782 521 1854 evangelicas
541 1781 642 1837 literas.
681 1790 809 1836 catorum
832 1798 886 1835 aaa
910 1781 936 1835 in
960 1798 1085 1836 serurone
1103 1782 1229 1837 consistit
1248 1795 1361 1853 regnum
1390 1780 1447 1841 dei,
1476 1779 1568 1834 sedin
1590 1798 1639 1853 po·

356 1868 448 1923 tentia.
482 1867 598 1921 Proinde
620 1867 676 1922 lraeo
698 1875 758 1922 esto
781 1884 882 1921 smuma
907 1865 997 1921 iudicii
1020 1867 1071 1920 aiei
1093 1868 1126 1922 de
1151 1875 1282 1941 utroquo:
1316 1865 1450 1921 lutherus
1479 1863 1537 1924 ille,
1562 1866 1638 1919 cuius

355 1970 452 2008 terranea
475 1953 542 2007 aileu
566 1952 667 2025 refugit
689 1951 828 2012 Erasmus,
853 1950 915 2024 plus
937 1950 1017 2006 hahet
1040 1969 1112 2007 sanae
1132 1951 1347 2025 evangelicaque
1368 1951 1499 2006 doetrinae
1525 1951 1551 2005 in
1573 1968 1637 2011 urio,

324 2039 427 2111 raquod
449 2038 539 2099 aiunt,
563 2036 680 2110 digitulo
702 2055 780 2110 quarn
800 2036 924 2092 Erasmus
947 2036 973 2090 ia
998 2044 1057 2092 toto
1079 2047 1190 2111 pectore
1213 2054 1276 2096 suo,
1307 2037 1373 2092 adde
1395 2036 1416 2090 si
1441 2035 1519 2097 libet,
1548 2043 1574 2089 et
1595 2054 1638 2090 ca·

355 2124 418 2196 pite.
454 2130 535 2196 atque
559 2122 609 2178 hoc
628 2121 762 2177 infelicior
778 2121 915 2182 hausurus,
940 2138 994 2194 quo
1013 2122 1100 2177 nrirrus
1120 2141 1174 2177 reru
1191 2124 1228 2179 ita
1247 2121 1345 2178 hahere
1361 2120 1504 2193 intelligit:
1527 2120 1637 2176 Erasmo

355 2208 498 2263 trihuirnus
522 2207 625 2262 laudem
648 2206 824 2281 eloquentiae,
858 2214 991 2280 praterea
1013 2206 1094 2269 nihil:
1130 2209 1248 2263 Luthero
1276 2215 1339 2281 post
1360 2206 1471 2262 Paulum
1498 2206 1636 2261 arelioreru

355 2294 381 2348 ia
406 2293 545 2348 tractando
567 2292 772 2347 tllrristianisrnu
794 2309 848 2347 mm
871 2292 992 2347 vidimus.
1039 2292 1134 2348 Verrem
1159 2294 1301 2365 utriusque
1329 2293 1430 2347 {lorium
1452 2291 1542 2346 divirm
1572 2308 1636 2363 erga

354 2396 405 2433 areis
428 2379 519 2433 farore
540 2387 678 2451 accepturu
702 2378 859 2432 refecimus:
893 2376 1019 2431 Erasmus
1046 2378 1139 2434 rindex
1167 2388 1209 2433 est
1232 2377 1411 2451 eloquentia,
1446 2376 1636 2431 invictissimus

320 2481 345 2517 eo
356 2462 533 2537 propulsator
554 2463 669 2518 sordidae
691 2462 837 2524 lunfranci,
861 2480 909 2536 per
932 2479 1011 2535 quam
1035 2463 1091 2519 fere
1114 2465 1212 2519 farctum
1235 2471 1290 2524 est,
1320 2471 1348 2517 ut
1372 2461 1532 2533 theologica·
1550 2459 1636 2515 literar

354 2548 433 2603 siaarl
456 2566 516 2604 curu
539 2547 693 2620 eloquentia
714 2547 911 2609 ahsolorerint3
934 2547 1001 2602 hanc
1019 2549 1138 2604 restitnit
1154 2548 1292 2609 Erasmus,
1313 2548 1384 2603 illam
1403 2546 1550 2608 lutherum
1570 2554 1636 2601 taru-

354 2634 406 2688 etsi
429 2633 554 2688 Erasinus
580 2633 691 2706 prinunu
715 2633 819 2688 dederit
841 2650 932 2687 ausam
955 2634 1130 2688 restituendae
1154 2633 1314 2706 rtieotogia.
1349 2633 1394 2686 sed
1425 2649 1494 2687 uum
1521 2631 1545 2685 ia
1576 2648 1637 2703 gra·

355 2720 417 2773 tiam
447 2736 613 2773 surianorum
640 2719 790 2791 principum
821 2719 929 2788 cogitur
956 2714 1143 2773 παλινωδεῑν.
1189 2721 1282 2793 ltaque
1308 2718 1443 2774 Lutlrerus
1470 2718 1562 2772 rirrden
1595 2723 1637 2771 est

354 2803 484 2876 evaugelii
506 2803 617 2861 fllrristi.
653 2803 725 2875 eqirenl
752 2803 785 2857 ah
808 2804 896 2877 irnpiis
920 2804 1042 2875 tyrannis
1070 2806 1306 2877 spmeissimisque
1333 2804 1423 2877 porcis
1446 2802 1636 2876 papistiearuru

320 2907 488 2960 astringantur
522 2888 743 2961 impietatumque
772 2887 962 2944 tractatorihns
990 2889 1121 2962 sophistis
1149 2891 1328 2950 sordidatum,
1358 2895 1512 2946 evacuatum
1540 2895 1582 2941 est
1609 2894 1637 2941 et

355 2973 513 3029 miserrimis
536 2972 621 3028 niudis
638 2972 789 3029 desulahuu
811 2991 864 3028 riou
885 2974 942 3028 siue
963 2973 1142 3029 irraustimahili
1160 2976 1244 3030 totius
1263 2974 1353 3029 narrandi
1375 2972 1460 3028 airola:
1481 2973 1532 3028 hoc
1548 2972 1635 3046 ipsum

355 3058 452 3114 rnalmn
475 3058 556 3113 reluti
578 3059 704 3113 cordatus
729 3058 816 3113 flclias
839 3059 953 3114 vindieat
971 3058 1120 3119 lartherus.
1141 3060 1226 3116 atroci
1251 3060 1357 3134 quiam
1379 3057 1497 3119 calamo,
1518 3059 1564 3113 sed
1585 3076 1635 3130 pirri

355 3145 392 3198 rei
417 3144 568 3199 atrocitate.
606 3161 689 3217 parra
709 3143 819 3199 Erasmu
841 3162 918 3198 secus
939 3142 1044 3197 ridetur
1068 3147 1193 3201 tcatamla
1221 3164 1278 3204 res.
1309 3145 1433 3199 nirairum
1457 3143 1570 3198 liarruaua
1595 3162 1636 3196 sa·

355 3230 455 3302 pientia
478 3228 576 3283 leuiter
594 3237 621 3283 et
644 3229 765 3284 rarialcste
783 3228 956 3300 attingendus
976 3229 1115 3285 sarrrctulos
1139 3231 1220 3286 istos:
1249 3230 1321 3304 ‹qrrrid
1343 3230 1450 3303 quidem
1472 3228 1634 3283 Erasmieunr

310 3313 496 3374 ,saeousilium
518 3314 596 3386 quale
620 3315 655 3370 sit
680 3315 741 3386 quis
764 3332 824 3369 rere
846 3314 906 3387 pius
929 3331 982 3368 nrm
1007 3314 1094 3369 ridet?
1122 3332 1180 3370 narn
1204 3315 1424 3389 quouradmodum
1446 3313 1635 3368 stultissimum

353 3408 426 3454 esset
448 3398 521 3454 illius
543 3399 685 3454 corallium
711 3399 756 3473 qm
778 3399 876 3454 taltorta
904 3399 974 3453 forte
1004 3399 1105 3470 ingenti
1134 3401 1256 3456 iaceudiu
1280 3400 1402 3456 hormues
1432 3400 1464 3454 ad
1492 3399 1635 3454 sedandam

354 3485 517 3540 llarumarum
541 3484 665 3539 iniuriam
687 3482 910 3540 circumvolantes
925 3484 1113 3557 civitatemque
1135 3486 1185 3541 iam
1205 3504 1272 3559 pern
1290 3494 1478 3557 crinsumptam
1497 3484 1636 3539 relteruen·

354 3570 464 3625 tissimis
487 3568 625 3625 lahurihus
648 3588 755 3625 serrare
779 3569 911 3624 inhiantes
931 3568 1148 3643 clamarilmsquc
1171 3571 1232 3645 plus
1257 3590 1335 3645 rpeiam
1358 3570 1509 3625 Stentoreis
1533 3567 1573 3639 (ut
1596 3568 1635 3639 ht)

353 3673 382 3710 se
405 3663 498 3709 arethio
521 3655 696 3711 adhortantes
719 3663 842 3710 aiurcaret
865 3673 894 3709 ac
916 3654 1024 3710 illorum
1047 3655 1133 3710 serias
1154 3655 1275 3718 lahores,
1298 3655 1515 3714 aihmrtationes,
1536 3654 1635 3710 clania-

318 3757 397 3796 asres
421 3740 584 3813 increparet,
612 3758 727 3814 cumque
749 3739 895 3813 supercilio
919 3738 1038 3800 iulmut,
1068 3747 1097 3794 nt
1120 3759 1175 3796 rem
1199 3743 1310 3797 suranus
1334 3748 1436 3795 tarrtma
1464 3739 1504 3809 (ut
1525 3740 1636 3810 dicitur}

352 3824 475 3898 digitulis
497 3825 676 3897 attingerent,
699 3843 752 3880 aruir
775 3844 835 3880 esse
857 3834 909 3879 taur
932 3824 1005 3880 serio
1029 3826 1165 3899 tantisque
1189 3827 1347 3882 trrrrruftihus
1365 3843 1419 3881 rem
1441 3826 1634 3897 attingendam.

353 3912 472 3965 rrrodcstc
492 3910 625 3983 taciteque
646 3911 790 3966 scdamlum
816 3910 979 3966 iuceudium:
1004 3928 1044 3964 rrae
1067 3910 1111 3965 illc
1133 3912 1200 3966 irride
1223 3911 1302 3968 rellet
1325 3911 1386 3966 huie
1407 3910 1508 3966 civitati
1523 3912 1637 3966 faveret·

353 4014 404 4069 que
424 3995 532 4051 illurmn
555 3994 711 4051 discrimini.
756 3995 813 4050 Nou
837 3994 909 4049 aliud
931 3996 988 4067 agit
1007 3995 1132 4050 Erasrrurs
1154 4015 1214 4052 crim
1237 3997 1355 4053 consulit
1379 3997 1455 4050 istam
1479 3997 1635 4070 papisticam

353 4082 468 4138 incemlii
491 4079 591 4135 rahieur
614 4082 734 4136 rnodestc
758 4081 915 4153 pacandam:
945 4081 998 4135 irriti
1020 4082 1090 4135 iuxta
1113 4081 1214 4137 Esaiam
1238 4082 1348 4143 altana,
1373 4100 1405 4136 eree
1426 4099 1529 4143 cesses,
1559 4082 1634 4153 quasi

320 4167 416 4224 rottrha
438 4165 524 4221 exalta
548 4184 639 4222 vocem
664 4166 744 4220 tuam
767 4174 817 4220 ete.
852 4164 992 4226 Erasmus.
1015 4166 1036 4219 si
1061 4166 1178 4228 caletur,
1205 4175 1289 4223 taceat
1310 4169 1399 4239 sitque
1419 4167 1509 4222 socius
1532 4168 1635 4224 fruitur:

352 4253 486 4307 lutherus
507 4269 585 4314 sarrae,
609 4251 655 4325 qui
680 4252 830 4325 ponarium
851 4249 925 4305 illum
940 4249 1080 4306 llerculem
1100 4252 1270 4324 rqrtarrtumris
1291 4236 1476 4323 puloptepdv
1493 4269 1547 4307 nou
1568 4252 1635 4306 tauti

353 4338 429 4398 facit,
463 4354 535 4409 aegre
559 4337 673 4400 tacebit,
707 4337 753 4391 scd
776 4336 897 4409 martyrii
920 4345 1063 4410 expectans
1085 4355 1212 4393 ‹eeironam
1234 4338 1380 4393 cralnanes
1403 4338 1471 4393 istos
1493 4344 1635 4411 quantum·

352 4421 416 4476 lihet
440 4441 525 4476 sceneos
550 4420 686 4478 liherrime
707 4430 803 4496 perget
825 4422 946 4480 irritare.
970 4421 1098 4477 stolidum
1121 4422 1192 4477 istml
1215 4430 1241 4477 et
1263 4423 1366 4478 ebrium
1389 4440 1534 4496 parcorum
1550 4439 1635 4495 genus

352 4524 405 4560 noa
431 4505 583 4561 rrrorahitur
606 4508 644 4561 rir
667 4507 711 4563 ille
734 4509 837 4563 electus
862 4524 875 4560 a
903 4506 1027 4565 itonam.
1059 4508 1105 4563 sed
1135 4526 1221 4581 usquc
1245 4508 1277 4562 ad
1306 4516 1420 4562 mantem
1447 4515 1634 4581 persequetur,

319 4591 435 4647 adonec
458 4590 576 4646 lahascat
598 4609 708 4664 reguum
731 4593 854 4654 illorum.
879 4592 1005 4647 nimirum
1028 4594 1060 4648 ad
1083 4592 1233 4666 eucarpium
1254 4592 1336 4647 lleliae
1358 4592 1414 4665 (qui
1439 4601 1479 4648 tot
1499 4591 1634 4648 sacrificas

418 4773 485 4822 ³Vo
507 4777 562 4823 1.2.
616 4772 835 4823 etelrotmnsa.
886 4773 1018 4824 5consid.
1041 4779 1100 4824 2.3.
1153 4773 1634 4840 ⁷inqnitlcf.oraug.sec.lllattli.

351 4860 437 4909 X.33.
474 4860 644 4924 '’prterriitios.
664 4862 688 4907 2.
728 4857 747 4888 ¹⁰
766 4860 847 4908 condt
865 4862 890 4907 2.
928 4857 1053 4908 ¹³estt.
1103 4858 1236 4910 ¹*eliaiiua
1257 4865 1279 4909 1.
1328 4857 1634 4921 231ιαλινωδ,Ιη·οιιιι-

351 4951 418 4993 tare.
471 4941 492 4975 ²⁴
512 4941 758 5008 temptationes.
811 4941 833 4975 ²⁷
850 4944 928 4993 Elius
948 4947 973 4992 3.
993 4952 1016 4993 ct
1034 4947 1071 4995 sic
1088 4945 1166 5006 frrl'ra.
1213 4944 1235 4976 ³²
1253 4963 1331 5011 piene
1383 4944 1404 4976 ³⁸
1423 4945 1591 4994 discrimini?
1611 4949 1636 4994 1.

353 5035 375 5092 l?
389 5029 462 5095 prol)
517 5027 538 5059 ³⁹
557 5030 633 5078 Esai.
648 5029 747 5078 Lt'llt.
762 5032 779 5079 i.
832 5026 852 5059 ³¹
872 5027 963 5093 μῆλον
977 5020 1126 5095 Ἡρακλῆς.
1146 5030 1247 5080 Zenoh.
1262 5031 1293 5079 V.
1305 5030 1346 5079 2¹⁶2.
1367 5024 1524 5095 patientie?
