3934 6034
518 698 717 773 cccxxxlll.
739 715 858 751 44444444
872 717 974 751 44444444
989 718 1132 753 44444444
1144 717 1318 753 4444444444
1332 718 1463 754 44444444.
1565 687 1633 759 304

351 870 429 927 unde
445 868 562 941 fatetur
581 878 610 930 et
631 872 776 932 llutteuus
791 873 925 945 [44414444
948 888 1005 933 non
1027 875 1202 935 mediocrem
1220 876 1375 950 proficisci
1397 874 1440 932 od
1458 891 1547 949 quom
1562 878 1601 950 pl
1621 908 1640 919 -

351 974 456 1039 rimos,·
477 973 557 1032 leuna
576 973 710 1046 fructum
733 993 798 1035 ntea
821 980 981 1036 temeritate
997 979 1086 1036 nolim
1104 981 1222 1053 perire,
1245 994 1300 1036 nee
1315 978 1392 1035 enim
1407 978 1437 1034 in
1458 977 1544 1035 aliud
1556 994 1640 1036 serro

352 1091 410 1143 444,
433 1078 492 1134 nisi
512 1084 544 1134 nt
562 1081 683 1151 prosim.
730 1079 903 1154 Exprobrut
923 1082 1025 1150 etiam,
1052 1081 1133 1154 quod
1158 1097 1203 1139 444
1224 1081 1297 1139 mibi
1314 1079 1422 1139 laudat
1440 1079 1580 1154 pontifex
1600 1086 1708 1139 414144.

351 1178 518 1238 inordinatis
539 1179 728 1241 Sedunensis.
774 1180 910 1241 ‘Laudat'
939 1184 1034 1255 inquit
1062 1189 1098 1241 ‘te
1119 1181 1189 1241 tibi'.
1233 1183 1322 1255 quasi
1339 1181 1413 1240 milti
1432 1183 1500 1240 uitio
1520 1190 1638 1241 uerten-

329 1280 422 1342 sdum
443 1282 480 1337 sit
503 1298 522 1339 44
541 1283 648 1341 talibus
665 1284 801 1358 laudari,
828 1300 999 1358 quanquam
1024 1301 1078 1357 epo
1104 1285 1305 1344 laudationem
1332 1286 1511 1358 interpretor
1532 1285 1638 1345 admo·

351 1385 498 1441 ultionem.
544 1387 656 1445 scilieet
677 1390 776 1461 polius
805 1393 872 1445 erot
892 1387 1092 1457 ambiendum,
1122 1393 1153 1445 ut
1172 1387 1318 1446 laudarer
1343 1388 1381 1444 ob
1401 1386 1536 1450 Hutteno.
1581 1388 1708 1446 41441139·

353 1502 421 1544 rero
441 1487 521 1544 istud
535 1487 740 1562 prodiqiosum
762 1497 817 1562 est,
840 1497 870 1547 ut
890 1489 1046 1548 laudemus
1063 1505 1129 1547 eum
1145 1490 1188 1548 od
1201 1506 1285 1564 quem
1300 1485 1476 1548 scribimus?
1498 1507 1537 1548 arr
1557 1491 1641 1549 Pnu-

352 1591 398 1646 lns
420 1605 477 1647 non
500 1590 607 1648 14444141
627 1590 776 1650 Romanos
798 1593 901 1665 quibus
922 1588 1046 1651 scribit?
1076 1590 1237 1651 ‘Erasmus'
1261 1594 1356 1665 iuquit
1378 1591 1521 1651 ‘Romano
1536 1596 1641 1666 ponti-

349 1694 403 1763 fici
420 1709 450 1750 se
473 1690 606 1752 dedidit.
651 1691 746 1767 quid?
771 1711 810 1752 an
833 1711 963 1769 antiquum
981 1694 1044 1766 suit
1065 1696 1142 1753 iuter
1162 1711 1215 1754 nos
1235 1695 1356 1767 bellum,
1380 1702 1412 1753 ut
1429 1694 1537 1753 deditio
1555 1693 1642 1766 fercla

320 1791 475 1857 4444411444
503 1811 560 1853 non
589 1813 673 1869 teque
701 1798 818 1855 deditus
844 1813 927 1855 erum
950 1796 1055 1867 Leoni,
1083 1813 1139 1855 non
1169 1797 1327 1856 admodum
1350 1797 1472 1856 laudato
1488 1795 1643 1872 pontifici?

354 1897 523 1957 ‘Polliceris'
546 1900 640 1972 inquit
662 1904 697 1957 ‘te
718 1916 774 1958 non
792 1899 963 1971 defuturam
984 1900 1123 1972 aiqulton'
1142 1900 1219 1959 sedis
1234 1897 1399 1958 Romauoe'.
1450 1900 1556 1959 l'erum
1577 1900 1710 1960 11444444.

353 2001 411 2058 11114
433 2001 541 2071 scribo,
565 2001 651 2075 opud
670 2017 742 2076 quos
764 2004 879 2062 delatus
899 2019 983 2061 eram
999 2019 1065 2062 eum
1079 2003 1207 2061 Lutliero
1224 2005 1411 2077 conspirasse
1435 2004 1579 2061 aduersus
1593 2020 1643 2062 se-

353 2104 419 2160 dem
442 2103 615 2162 Romanam.
660 2122 700 2163 an
724 2106 790 2164 ideo
808 2107 950 2180 polticeor
971 2121 1017 2164 me
1035 2114 1197 2181 patronum
1218 2104 1400 2179 tyrannidis,
1422 2108 1600 2180 rapacitatis
1616 2113 1645 2164 ct

353 2208 480 2264 aliorum
509 2209 653 2265 maloram
681 2224 748 2281 qnae
776 2207 920 2266 lIntlenus
946 2209 1044 2268 obiieit
1070 2203 1326 2267 Romanensibus?
1360 2209 1418 2267 imo
1442 2224 1499 2267 non
1529 2224 1587 2267 uno
1612 2210 1642 2266 in

321 2312 416 2375 ..ioco
445 2311 624 2383 interpretor
651 2310 729 2368 sedis
756 2313 837 2370 illius
859 2327 896 2369 ac
915 2314 1064 2385 pontilicis
1089 2312 1260 2384 diqnitotem
1281 2314 1367 2369 sitam
1389 2327 1451 2369 esse
1472 2313 1502 2368 in
1525 2312 1644 2369 uirtuti-

352 2412 405 2469 bus
421 2414 604 2486 apostolicis:
626 2413 694 2472 14444
710 2413 848 2486 dipnitoli
861 2416 1004 2489 polliceor
1024 2430 1070 2472 me
1089 2430 1146 2471 nou
1163 2412 1346 2485 defuturum.
1391 2412 1440 2470 Ad
1457 2413 1630 2471 subuerten-
1643 2425 1711 2475 1444.

352 2515 422 2573 ditm
447 2518 645 2589 euaupelium,
668 2523 700 2574 ut
720 2519 764 2575 uit
783 2516 941 2589 Habemus,
964 2532 1021 2575 non
1037 2517 1168 2575 arbitror
1181 2532 1347 2590 quenquam
1363 2518 1539 2591 pontificma,
1562 2516 1643 2574 duu-

352 2624 440 2676 tanat
460 2618 553 2689 bunc,
577 2619 803 2692 imploraturum
821 2635 944 2693 operam
965 2626 1109 2690 nostrum,
1129 2626 1158 2678 et
1176 2621 1203 2677 si
1215 2621 1361 2693 44444441,
1385 2635 1442 2678 444
1453 2626 1642 2693 prastorem.

354 2721 415 2780 Nee
430 2723 602 2795 cuiusquam
618 2724 769 2798 principis
787 2726 832 2781 oet
853 2730 944 2781 metus
965 2725 1010 2781 uel
1027 2725 1130 2796 qratia
1150 2729 1261 2780 tantum
1284 2715 1369 2796 opud
1386 2738 1432 2781 me
1450 2721 1556 2781 valebit
1573 2739 1632 2780 444-
1644 2732 1712 2782 §.un

319 2841 459 2898 nquam,
483 2832 514 2882 ut
534 2826 628 2882 sciens
652 2825 1128 2899 444144444444444411444444414414
1149 2832 1202 2883 aut
1219 2827 1327 2897 plorilc
1342 2824 1459 2883 Christi.
1502 2831 1643 2883 ettamen

355 2934 398 2985 est
418 2929 545 2986 alieuius
566 2929 670 3001 opinor
687 2929 860 3002 prudentae
882 2931 926 2987 sie
946 2931 1029 2987 alere
1047 2929 1218 3003 principum
1238 2926 1389 3000 sectorem,
1420 2934 1451 2985 ut
1476 2943 1533 2986 non
1556 2928 1644 2986 dese-

354 3048 408 3090 rus
428 3032 627 3104 euanpelieam
648 3034 815 3099 veritatem·
841 3040 869 3089 et
895 3033 956 3090 utri
976 3033 1085 3090 rectius
1105 3033 1307 3089 consuluerint
1324 3031 1493 3103 euonpetieo
1514 3032 1643 3103 neqoci0,

355 3150 455 3192 rerum
476 3135 573 3191 cuitus
593 3134 799 3209 cornprobabit.
845 3133 906 3193 Sed
924 3135 1040 3192 interim
1060 3133 1173 3206 obliquo
1195 3132 1272 3191 elicto
1288 3131 1381 3204 sotto,
1400 3133 1481 3206 quod
1497 3134 1633 3206 plerique
1644 3144 1711 3194 §.ns

354 3240 397 3295 sie
419 3238 660 3311 interpretentur,
684 3252 729 3294 me
751 3236 968 3296 uiridicmurum
989 3239 1084 3295 4444444
1103 3235 1247 3294 1144444444
1269 3238 1315 3294 4444
1336 3236 1515 3295 exercenda
1536 3243 1644 3310 tyron-

319 3340 450 3409 44444144,
473 3339 626 3413 rapiendi,
655 3340 849 3414 conoponnndi
867 3356 956 3399 sacro
975 3341 1094 3414 pariter
1115 3356 1152 3398 uc
1169 3338 1317 3414 profana.
1361 3342 1391 3397 in
1414 3340 1582 3399 discrimine
1603 3342 1643 3398 li-

355 3451 401 3500 441
421 3442 556 3515 (undiquc
583 3441 714 3513 saltere:
742 3442 841 3501 11444441
866 3444 954 3501 etiam
979 3441 1117 3513 furorem
1146 3444 1310 3501 simulauit:
1337 3450 1365 3500 et
1391 3449 1489 3500 lamen
1517 3459 1555 3500 ne
1580 3444 1645 3515 quis

352 3545 428 3618 [44111
437 3547 542 3619 possit,
566 3546 757 3619 interpretor,
772 3544 869 3604 scribo
884 3548 938 3602 ‘mc
953 3560 1011 3604 uon
1028 3544 1200 3616 defuturum
1215 3545 1280 3604 sedi
1294 3545 1453 3617 1144444444,
1475 3547 1503 3602 44
1516 3547 1568 3603 4114
1586 3562 1643 3604 non

357 3648 432 3706 desit
444 3650 549 3720 qtorle
565 3645 699 3716 Cliristi’;
723 3659 777 3707 ‘mc
795 3650 840 3706 4111
856 3663 915 3721 pro
935 3649 1016 3706 uirili
1034 3647 1224 3719 adfuturum,
1247 3650 1341 3707 441114
1360 3650 1493 3724 synceris
1513 3649 1643 3705 rationi-

356 3751 408 3809 bus
424 3750 588 3825 proocliere
607 3752 718 3808 nitatur
735 3765 797 3808 rem
812 3748 1032 3824 euonpeticam'.
1077 3749 1254 3809 Huiusmodi
1269 3767 1357 3824 quum
1380 3753 1476 3809 44441144
1497 3752 1712 3811 1441444-4444.

322 3857 481 3927 inculcem,
503 3862 599 3912 tumen
623 3853 789 3912 dissimulat
810 3853 970 3921 Hnttenus,·
995 3860 1107 3911 tontum
1129 3856 1394 3913 44444144444114444
1417 3854 1554 3927 quadam
1578 3868 1645 3925 qiua

356 3958 544 4032 depravaret.
589 3973 758 4031 quanquam
787 3959 882 4030 moqis
912 3959 1047 4031 suspicor
1069 3957 1216 4015 delatores
1237 3956 1385 4015 indicasse
1404 3959 1470 4015 loco
1490 3955 1644 4029 quadam·

356 4077 410 4119 nee
427 4063 504 4119 enim
526 4061 662 4119 4441414444
683 4067 715 4118 ut
734 4060 856 4118 credam
878 4059 1004 4120 Hatteno
1026 4061 1055 4118 in
1082 4063 1171 4118 tantis
1197 4062 1339 4132 neqociis,
1369 4076 1436 4132 quoe
1458 4059 1537 4117 domi
1556 4058 1643 4117 betti-

356 4182 411 4237 qne
428 4166 519 4237 perit,
541 4180 603 4222 4444
624 4166 718 4222 ocium
740 4171 841 4222 nostra
862 4164 991 4237 tependi.
1035 4162 1096 4220 Sed
1113 4161 1325 4222 intolerabilius
1345 4171 1402 4233 est,
1424 4162 1503 4234 qaod
1523 4160 1711 4223 4114414144.

355 4268 463 4341 scripsi
485 4265 631 4325 derriinem
648 4269 734 4341 prinam
756 4283 812 4324 non
838 4266 945 4339 fauere
963 4268 1101 4341 pontifici
1117 4266 1260 4324 Romano.
1305 4264 1363 4324 1144
1388 4280 1446 4322 nou
1475 4264 1551 4322 ridet
1567 4262 1644 4322 illud

423 4470 430 4503 ¹
452 4474 488 4521 41.
504 4473 662 4537 11444444.ἓξΙ
671 4470 824 4535 44414444.
860 4470 871 4501 ³
883 4468 1027 4536 Exprobr.]
1041 4472 1109 4520 Haee
1123 4486 1177 4519 non
1190 4471 1359 4521 conveniunt
1372 4470 1484 4534 Expost.
1497 4466 1642 4531 §§.39.sq.‚

355 4565 385 4607 44
403 4559 547 4623 publicato
566 4564 616 4606 ent.
648 4558 702 4606 nisi
721 4558 755 4605 441
774 4558 905 4622 scriptum
924 4558 1074 4622 (exemplum
1094 4562 1142 4605 ant
1160 4555 1194 4604 441
1214 4555 1357 4620 epistolam
1377 4554 1530 4604 1444144444
1549 4559 1643 4602 extan-

355 4653 410 4693 4444
431 4643 476 4709 [ei.
492 4645 565 4692 444444
578 4646 601 4702 ξ.
616 4641 683 4707 3104
704 4645 825 4707 respexit
839 4644 981 4702 Erasmus,
1002 4644 1153 4691 4444444444
1173 4646 1222 4689 est.
1281 4642 1291 4668 1
1311 4637 1408 4704 inquit]
1422 4641 1532 4704 Expost.
1546 4639 1569 4698 §-
1586 4636 1642 4686 1-111.

355 4730 373 4763 ¹¹
395 4728 492 4794 inquit]
514 4731 550 4778 et'.
572 4731 682 4794 blxpost.
697 4731 719 4788 ἓ.
738 4728 791 4776 los.
841 4728 860 4758 ¹¹⁵
879 4729 918 4777 Ad
938 4728 1014 4778 444144.
1036 4725 1088 4792 esu]
1108 4726 1380 4789 4411444444118.
1428 4724 1479 4756 ¹1¹⁸
1497 4722 1642 4789 duntaxat]

356 4818 448 4866 1441444
467 4816 596 4864 ebibendum
615 4821 671 4863 erat
690 4820 733 4862 ant
751 4819 851 4879 4444444
869 4813 954 4872 hunc,
979 4817 1004 4862 si
1020 4816 1127 4869 44444444,
1147 4819 1189 4859 aut
1208 4812 1306 4860 44441444
1324 4819 1375 4860 sine
1395 4816 1470 4861 certe
1488 4826 1543 4859 non
1561 4810 1641 4869 144444,

353 4902 695 4966 ,444444414441444494441444
717 4907 774 4947 crat
794 4900 952 4948 Hadrianum
968 4899 1018 4947 Vl.
1036 4899 1219 4946 subversionem
1241 4900 1365 4961 euuuqeln'
1386 4900 1501 4946 4441444444.
1566 4895 1586 4927 ¹⁹
1605 4898 1642 4945 41.

354 4990 466 5053 Expost.
481 4989 519 5047 ἓξ.
534 4988 574 5035 144.
588 4986 646 5036 21114,
661 5002 718 5050 sqq.
771 4984 793 5016 ²⁶
812 4981 911 5047 11444411
927 4984 947 5032 Ι.
962 4984 1081 5033 5444444441.
1095 4984 1169 5033 XXI.
1187 4982 1224 5031 13.
1237 4999 1295 5047 sqq.
1348 4980 1367 5012 ³¹
1389 4980 1501 5047 quanm]
1521 4982 1641 5032 (favilla-

354 5082 410 5136 tur,
432 5082 461 5122 44
481 5089 540 5123 cuni
560 5070 926 5137 1144144444114444444144114444
946 5071 1031 5119 4444444
1050 5070 1229 5119 contaminet.
1281 5066 1303 5100 ³³
1323 5067 1359 5118 es.
1378 5068 1603 5133 Expost.§.100.
