3934 6034
550 706 734 757 occulunt.
754 719 857 757 antean
871 720 932 756 sor.
947 719 983 755 nn
997 720 1146 756 cvraarvu
1160 720 1201 754 ur.
1221 719 1247 754 n.
1261 714 1282 755 8.
1297 719 1355 754 arar.
1370 712 1427 754 tata.
1558 685 1631 758 409

369 911 501 946 nisinen.
857 874 1119 952 CCCLXHH.
1215 879 1228 906 '
1447 901 1467 941 s.
1481 907 1539 942 aar.
1555 901 1613 941 asar.

565 1054 714 1111 EllllelVS
737 1052 976 1110 llll'l'ElllllllllllVS
999 1053 1144 1109 lldll'l'lll'O
1167 1052 1318 1108 LV'l'llEllO
1340 1051 1367 1107 S.
1383 1053 1410 1107 P.

436 1191 488 1247 b'ec
511 1190 560 1246 tibi
582 1191 716 1253 concedo,
746 1198 776 1246 ut
804 1190 889 1263 magis
919 1208 951 1245 ex
973 1191 1062 1246 animo
1084 1189 1176 1263 cupias
1199 1189 1358 1262 evangelicae
1381 1189 1529 1247 sinceritati
1553 1208 1632 1263 qnam

350 1294 416 1350 ego,
446 1276 522 1333 cuius
551 1277 590 1331 rei
621 1277 708 1349 gratia
730 1274 796 1331 nibil
820 1293 873 1331 non
897 1276 1049 1350 perpetior,
1080 1283 1107 1330 et
1129 1275 1258 1330 hacteuus
1280 1291 1386 1330 omnem
1410 1293 1493 1331 venor
1515 1276 1634 1332 occasio·

330 1378 427 1424 anem,
451 1370 480 1417 ut
503 1362 670 1435 evangelium
693 1361 738 1417 siat
761 1360 884 1417 omnibus
907 1378 1055 1417 commone.
1100 1359 1232 1415 Caeterum
1262 1360 1333 1432 quod
1365 1367 1393 1415 tn
1422 1360 1633 1417 imbecillitatem

351 1466 430 1504 rocas
452 1454 498 1503 aut
522 1447 713 1520 ignorantiam,
743 1446 841 1521 partim
863 1447 1028 1503 conscicntia
1057 1454 1113 1505 est,
1142 1445 1240 1519 partim
1269 1445 1409 1501 iudicium:
1439 1454 1483 1502 tua
1513 1447 1635 1521 quandam

351 1532 445 1607 legens
468 1532 542 1588 valde
572 1533 748 1607 pertimesco,
778 1549 810 1588 nc
840 1550 890 1606 qua
919 1540 977 1587 arte
1006 1531 1114 1587 deludat
1137 1531 1248 1586 Satanas
1277 1530 1393 1586 animum
1423 1541 1511 1595 tuum:
1540 1549 1635 1587 rursus

351 1618 402 1674 alia
425 1617 463 1674 sic
486 1635 539 1673 nun
563 1618 686 1692 sapiunt,
714 1626 743 1672 ut
773 1617 850 1673 velint
879 1618 949 1673 bunc
977 1624 1078 1672 metum
1102 1633 1188 1671 meum
1212 1632 1271 1671 esse
1299 1616 1411 1673 salsum:
1447 1617 1530 1673 nolim
1554 1616 1636 1692 proli·

353 1704 403 1759 teri
427 1703 500 1776 quod
524 1704 581 1777 ipsc
605 1703 669 1758 milri
696 1704 814 1759 nonduin
843 1702 979 1777 persuasi,
1014 1700 1100 1757 multo
1129 1701 1216 1756 minus
1247 1702 1318 1773 quod
1348 1703 1467 1758 nondum
1494 1719 1634 1776 assequor.

321 1788 487 1845 rollaetenus
511 1788 611 1843 rectius
632 1787 756 1844 consului
780 1787 890 1861 negotio
914 1786 1082 1861 evangelico,
1112 1804 1190 1860 quani
1214 1786 1292 1841 multi
1315 1786 1361 1859 qui
1384 1806 1412 1843 se
1436 1788 1535 1843 iactant
1557 1804 1635 1844 cvan-

352 1873 416 1947 gelii
433 1874 555 1934 nomine:
580 1874 655 1929 rideo
678 1891 728 1947 per
750 1874 818 1929 harre
840 1873 1008 1928 occasionem
1031 1871 1130 1927 exoriri
1154 1871 1254 1927 multos
1277 1872 1398 1945 perditos
1421 1880 1449 1928 ct
1471 1873 1633 1934 seditiosos;

352 1960 428 2015 rideo
452 1976 560 2033 pessum
584 1959 622 2014 ire
644 1958 729 2015 bonas
751 1958 844 2014 literas
866 1976 896 2014 ac
923 1956 1092 2030 disciplinas;
1121 1956 1197 2011 rideo
1226 1957 1340 2012 discindi
1368 1958 1513 2020 amicitias,
1543 1967 1571 2013 et
1592 1975 1636 2013 ve·

352 2061 415 2100 reor
438 2061 470 2098 nc
493 2052 621 2099 cruentus
643 2044 781 2100 exoriatur
805 2042 945 2099 tumultus.
991 2041 1018 2097 Si
1043 2050 1104 2097 tuus
1127 2041 1232 2096 animus
1255 2043 1377 2097 sincerus
1400 2051 1456 2105 est,
1485 2061 1583 2117 precor
1605 2050 1636 2098 nt

351 2128 474 2184 Christus
497 2129 565 2184 bene
588 2129 709 2184 lortunct
731 2128 802 2203 quod
825 2129 897 2201 agis:
927 2146 968 2183 me
996 2126 1068 2182 nulla
1099 2145 1141 2182 res
1163 2136 1334 2201 corrmnpet,
1363 2136 1392 2182 nt
1415 2129 1502 2184 sciens
1525 2128 1635 2203 prodam

321 2212 512 2286 inerangelion
536 2214 658 2269 lmmanis
681 2214 828 2270 allectilrns.
872 2213 942 2268 b'ihil
964 2213 1050 2269 adbuc
1072 2220 1168 2268 contra
1185 2220 1211 2267 tc
1226 2212 1337 2286 scripsi,
1362 2212 1481 2269 lacturns
1497 2214 1523 2269 id
1537 2230 1636 2286 magno

353 2300 504 2374 principum
528 2299 672 2373 applausu,
702 2299 753 2355 nisi
781 2300 904 2354 vidissem
932 2300 984 2355 boc
1012 2298 1114 2371 absque
1144 2297 1245 2353 iactura
1268 2297 1398 2370 evangelii
1422 2316 1475 2353 non
1500 2299 1636 2359 luturum;

355 2392 458 2439 tantum
482 2400 529 2439 cos
552 2383 639 2458 repuli
663 2386 707 2457 qni
731 2384 899 2440 cantabantur
921 2385 1046 2439 omnibns
1068 2383 1235 2458 principibus
1263 2384 1425 2458 persuadere
1453 2383 1518 2438 mibi
1548 2392 1636 2439 tecum

355 2470 442 2525 lrrdus
465 2487 524 2524 csse
547 2479 574 2525 et
597 2469 661 2524 milri
686 2477 773 2525 tecum
796 2487 844 2543 per
867 2469 954 2523 omnia
978 2470 1122 2526 convenire
1145 2478 1172 2525 et
1195 2469 1221 2524 in
1244 2468 1320 2524 libris
1344 2469 1410 2525 meis
1432 2486 1492 2523 csse
1509 2467 1636 2542 quiequid

356 2564 384 2609 tn
407 2555 534 2609 eleemos:
559 2555 615 2610 trac
638 2555 730 2628 opinio
754 2555 793 2609 vix
818 2556 897 2609 etiam
922 2572 992 2610 nunc
1015 2554 1105 2611 revelli
1129 2562 1220 2628 potest
1242 2573 1272 2610 ex
1297 2553 1404 2610 illorum
1427 2554 1530 2609 animis.
1569 2552 1636 2620 Quid

319 2639 459 2695 ascribas
483 2648 510 2694 tu
534 2641 560 2694 in
583 2657 637 2701 rue,
661 2656 715 2694 non
739 2657 902 2713 rrurgnoporc
925 2638 1034 2702 laboro:
1058 2641 1079 2696 si
1103 2640 1230 2695 rurindum
1254 2650 1387 2714 spectem,
1418 2638 1484 2694 nilril
1508 2638 1570 2694 milri
1593 2655 1635 2694 ac·

354 2724 442 2782 cidere
465 2733 558 2798 posset
581 2724 699 2780 felicius:
722 2725 802 2800 cupio
826 2725 893 2780 lianc
915 2726 1028 2781 animaru
1051 2743 1146 2799 puram
1170 2725 1281 2781 reddere
1297 2726 1403 2781 Clrristo
1427 2733 1454 2780 et
1477 2724 1503 2778 in
1525 2724 1577 2780 boc
1598 2722 1638 2779 al·

355 2812 427 2867 lectu
450 2809 528 2865 velim
552 2827 644 2887 opines
667 2828 735 2865 esse.
780 2810 806 2865 Si
835 2819 945 2883 paratus
973 2830 1002 2867 cs
1032 2810 1156 2866 omnibns
1180 2810 1290 2867 reddere
1313 2811 1446 2866 rationem
1468 2809 1501 2864 de
1523 2826 1554 2864 ea
1577 2825 1637 2882 qnae

355 2896 381 2951 in
405 2903 431 2949 te
454 2902 496 2950 est
519 2894 585 2956 lide,
610 2912 658 2950 ctu
679 2913 751 2968 aegre
775 2896 845 2951 leras
868 2897 889 2950 si
913 2897 974 2969 (puis
997 2896 1116 2952 discendi
1139 2896 1225 2969 gratia
1247 2904 1335 2952 tecum
1355 2894 1493 2968 disputet?
1522 2894 1638 2949 tortasse

355 2980 480 3035 Erasinus
508 2980 629 3035 scribens
658 2981 683 3034 in
715 2989 740 3036 te
769 2980 854 3054 magis
876 2981 1011 3054 profuerit
1037 2981 1190 3053 evangelio,
1221 2999 1299 3055 quam
1329 2980 1434 3055 quidam
1458 2978 1549 3034 stolidi
1573 2978 1638 3034 scri·

322 3066 452 3120 salientes
475 3083 525 3138 pro
549 3074 590 3125 to.
615 3082 664 3139 per
686 3084 755 3139 qaros
778 3083 831 3120 uon
856 3065 917 3120 licet
940 3084 999 3121 osse
1022 3074 1203 3139 spectatorem
1227 3066 1305 3121 istius
1329 3064 1480 3138 tragedias,
1503 3081 1563 3138 quar
1585 3064 1638 3118 uti-

356 3168 416 3205 nam
439 3167 492 3205 non
515 3149 612 3205 lrabeat
629 3152 759 3223 tragicum
775 3152 889 3206 exitum!
913 3151 959 3206 sed
975 3170 1017 3207 nie
1034 3152 1059 3205 in
1075 3152 1206 3207 diversam
1221 3160 1324 3225 partem
1340 3148 1509 3224 propellunt,
1534 3148 1637 3204 etiamsi

356 3235 491 3310 principes
508 3252 561 3290 non
578 3253 609 3290 co
626 3235 828 3309 compellerent.
866 3236 962 3291 borum
979 3235 1137 3309 improbitas
1153 3235 1239 3292 reddit
1254 3234 1422 3309 evangelium
1439 3235 1552 3289 inrisum
1568 3234 1639 3307 apud

355 3320 483 3376 cordatos
499 3329 526 3375 ct
540 3330 673 3393 cogentur
689 3321 824 3395 principes
841 3321 954 3377 istorum
971 3321 1117 3376 seditiosos
1140 3320 1272 3377 tumultus
1293 3337 1481 3394 compescere;
1504 3336 1596 3374 verum
1613 3318 1638 3373 id

356 3423 410 3463 non
433 3404 478 3461 tot
494 3404 595 3478 alisque
611 3404 722 3461 testona
739 3407 918 3461 innoxiorum.
942 3406 1042 3461 nemini
1065 3406 1235 3469 auscultant,
1260 3424 1292 3461 nc
1315 3405 1363 3460 tibi
1380 3405 1502 3480 quidcm;
1526 3404 1639 3479 irnplent

322 3491 485 3547 otmundum
502 3490 613 3546 furiosis
629 3490 742 3553 libellis,
767 3491 801 3546 ob
817 3509 887 3565 qnos
903 3510 994 3565 operm
1010 3493 1128 3565 pretium
1143 3492 1296 3548 existimant
1312 3501 1416 3547 veteres
1431 3488 1494 3546 illos
1510 3489 1640 3545 orthodo-

356 3594 404 3631 xos
419 3584 601 3631 contemnere.
625 3576 675 3631 Sed
692 3577 733 3631 liis
749 3578 781 3632 de
798 3577 878 3631 rebus
894 3576 1027 3650 prolixum
1044 3577 1079 3630 sit
1095 3576 1228 3641 scribrro;
1240 3594 1338 3651 precor
1353 3584 1382 3631 nt
1398 3576 1464 3631 deus
1480 3575 1568 3631 omnia
1582 3592 1639 3629 rer·

358 3670 396 3717 tat
412 3662 437 3715 in
455 3678 528 3716 suam
545 3660 666 3733 gloriam.
691 3661 718 3716 ln
731 3662 849 3735 Spongia
866 3661 1023 3717 modestiam
1038 3662 1184 3724 desideras,
1199 3680 1259 3718 cum
1276 3661 1311 3717 ibi
1326 3662 1359 3717 de
1371 3662 1422 3717 rita
1434 3660 1553 3722 llntteni,
1566 3660 1639 3722 luxu,

357 3747 469 3805 scortis.
493 3745 550 3800 alea
566 3746 763 3819 perditissima,
780 3746 812 3801 de
828 3746 997 3803 stultissimis
1013 3745 1085 3802 illius
1101 3747 1211 3821 gloriis,
1228 3747 1295 3803 mdli
1312 3748 1432 3821 qtratnris
1447 3746 1532 3801 amico
1548 3762 1578 3800 ac
1593 3762 1639 3818 pa·

358 3832 435 3887 tienti
452 3830 611 3890 tolerandis,
628 3832 661 3886 de
676 3832 892 3894 decoctionibus,
909 3832 941 3887 dc
957 3840 1062 3887 extorta
1078 3852 1092 3888 a
1107 3832 1343 3888 tlartlrusiensilurs
1359 3831 1483 3906 pecunia,
1499 3830 1531 3886 de
1547 3848 1639 3904 ampu-

321 3932 346 3973 ta
357 3917 420 3973 tatis
436 3915 562 3971 airricnlis
577 3915 683 3971 (lindius
700 3917 938 3990 praedicatoribus,
955 3918 987 3972 de
1003 3916 1161 3978 latrocinio,
1183 3918 1280 3973 invasis
1297 3917 1384 3973 tribus
1400 3916 1540 3971 abbatibus
1557 3916 1583 3970 in
1599 3915 1639 3970 ria

356 4002 477 4076 publiea,
502 4001 536 4056 ob
553 4002 623 4075 alliud
643 4002 744 4056 lucinus
761 4019 830 4057 riuus
853 4021 867 4058 e
890 4003 998 4058 laniulis
1021 4002 1093 4058 illins
1115 4004 1203 4077 eapite
1227 4011 1367 4058 truncatus
1390 4012 1446 4063 cst,
1469 4002 1557 4075 deque
1579 4000 1639 4056 aliis

356 4087 429 4142 illius
461 4086 624 4142 facinoribus
654 4087 734 4159 rulgo
762 4089 842 4143 etiam
871 4088 944 4142 notis
966 4086 1069 4144 nullum
1095 4089 1119 4143 in
1144 4090 1263 4163 Spongia
1287 4088 1396 4143 verbnm
1426 4087 1549 4148 leocrirn.
1579 4103 1638 4140 cum

356 4172 402 4228 ille
431 4190 481 4226 nec
510 4170 592 4226 serbo
619 4181 781 4245 provocatus
809 4192 835 4232 a,
852 4191 894 4228 me
924 4173 1031 4247 prodita
1061 4174 1176 4230 auricitia
1199 4174 1225 4228 in
1248 4174 1363 4246 gratiam
1386 4173 1466 4228 unius
1488 4170 1639 4231 nebulonis,

358 4274 413 4331 quo
435 4256 501 4311 nibil
526 4256 674 4330 perditius,
698 4265 801 4313 tautum
825 4257 954 4314 salsorum
977 4260 1118 4315 criminum
1143 4260 1168 4314 in
1192 4276 1233 4314 me
1249 4258 1375 4332 gesserit,
1399 4266 1528 4331 quantum
1547 4273 1640 4312 scurra

321 4342 446 4417 requiris
469 4342 494 4396 iu
518 4340 633 4398 altorum
656 4344 743 4417 possit
765 4343 939 4399 comminisci.
983 4343 1019 4400 lle
1046 4344 1223 4418 perfidissiute
1251 4343 1374 4416 evulgata
1401 4344 1433 4398 ad
1454 4342 1640 4415 lloguntinunr

358 4426 488 4502 epistola,
521 4444 669 4501 suppresso
699 4428 785 4502 ipsius
808 4429 931 4490 nomine,
961 4430 1067 4492 relero;
1095 4430 1127 4485 de
1150 4429 1234 4485 altera
1257 4429 1366 4503 perfidia
1390 4445 1442 4502 qua
1466 4428 1554 4483 luerat
1576 4443 1641 4482 usus

358 4514 384 4568 in
408 4530 464 4574 me,
490 4520 581 4568 taceo:
605 4521 771 4577 extorserat,
795 4523 826 4569 ut
848 4514 940 4570 multis
963 4514 1087 4588 epistolis
1110 4515 1176 4570 rucis
1198 4515 1432 4570 commendaretur
1455 4513 1481 4569 in
1504 4511 1564 4568 aula
1586 4511 1641 4567 Cae·

357 4598 440 4659 saris,
463 4615 522 4653 cum
546 4598 597 4652 iam
619 4599 787 4654 coniurasset
810 4600 937 4656 advorsus
958 4600 1103 4662 Caesarem,
1128 4608 1231 4655 tanturn
1254 4600 1347 4657 rolens
1369 4599 1443 4655 abuti
1458 4597 1571 4654 Caesaris
1594 4614 1641 4653 no·

357 4798 543 4848 CCCLXIIII.
566 4797 624 4846 l=
636 4796 740 4864 brithere
754 4798 838 4862 bride
850 4811 901 4853 rou
914 4798 1016 4866 &abac
1034 4802 1103 4862 (lud.
1118 4801 1184 4850 bibl.
1199 4801 1235 4850 nt.
1250 4801 1325 4863 atat
1339 4801 1375 4851 ΙΙ.
1389 4817 1415 4866 p.
1429 4797 1535 4849 ὀῧηθθ.
1555 4795 1641 4863 lutus

375 4885 414 4936 bct
428 4882 626 4950 gaucelinilctacu
639 4881 798 4953 &nmmtung
817 4899 845 4949 au
864 4883 1045 4956 (bittiugeufll
1094 4887 1109 4934 2
1122 4905 1156 4929 =
1168 4886 1246 4935 Hutt.
1261 4887 1369 4936 ltitnoh.
1384 4886 1430 4934 lv.
1445 4903 1470 4951 p.
1484 4882 1623 4936 atto...5tt.

373 4972 471 4978 -----
482 4972 530 4978 -—-
543 4973 680 4978 ----..-—
694 4973 757 4979 -..-.
764 4971 852 4980 ...μ-
859 4972 1135 4981 ——-—--—-—-

424 5071 445 5102 ³⁹
464 5060 583 5138 'gesserit
602 5074 658 5121 m.
677 5074 838 5123 sed-oidelae
855 5076 983 5139 tegendum
1001 5091 1057 5126 ease
1076 5077 1256 5141 congesserit,
1313 5074 1336 5108 ⁴⁰
1353 5076 1535 5142 perfidissimo
1555 5077 1612 5125 t.2.
