3934 6034
430 667 476 741 34
513 685 657 738 ccxxxt
673 702 794 740 avaram
808 701 1002 739 menomenas
1016 702 1284 739 mamnouasrrcns
1299 703 1483 739 sucessores.
1498 704 1581 740 naar.
1594 695 1653 738 1521.

359 872 486 922 §.senon
510 859 613 920 lerent.
659 859 696 920 Ut
717 869 815 920 aeuem
836 861 1011 939 perrincatis
1033 861 1173 921 libertatis
1195 863 1361 923 adsertores
1383 881 1476 931 rruric,
1500 863 1563 923 lore
1584 860 1712 938 praedico

426 961 463 1022 ab
490 963 577 1022 liuius
604 970 700 1023 ructus
727 966 945 1042 compressione
973 967 1038 1024 riori
1067 973 1094 1024 et
1127 967 1249 1025 acrioris
1280 965 1372 1025 multo
1405 966 1483 1025 initia
1516 964 1610 1023 robis:
1644 981 1712 1022 nam

427 1065 553 1124 duorum
576 1064 726 1127 bammum
749 1086 796 1126 res
818 1074 897 1127 tanta
921 1067 1088 1127 aestimanda
1111 1087 1169 1127 riou
1193 1070 1283 1136 venit;
1312 1069 1409 1128 sciatis
1439 1067 1545 1127 multos
1567 1083 1631 1126 esse
1654 1065 1710 1124 Lu·

428 1166 540 1236 theros,
565 1168 671 1228 inultos
686 1170 793 1248 passim
808 1168 966 1237 lluttenos‚
991 1178 1020 1229 et
1041 1171 1135 1248 siquid
1159 1170 1243 1231 uobis
1265 1171 1391 1239 accidat,
1416 1190 1451 1231 eo
1472 1171 1565 1229 maius
1580 1168 1712 1228 luturum

428 1268 464 1328 ab
487 1268 549 1329 aliis
571 1270 734 1347 periculum
756 1271 852 1339 vobis,
881 1273 958 1351 quod
982 1270 1048 1332 cum
1072 1272 1212 1334 libertatis
1234 1273 1434 1333 adsertoribus
1456 1271 1629 1331 innocentiae.
1651 1270 1735 1331 rin-s

360 1383 418 1433 §.sa
429 1371 509 1432 dices
532 1378 560 1431 et
581 1372 694 1433 lniuriae
714 1372 825 1434 ultores
840 1375 976 1453 coniungi
992 1374 1133 1435 ridebitis
1179 1376 1274 1436 Unum
1290 1377 1420 1435 omnium
1436 1354 1629 1435 certissimum
1646 1389 1714 1450 pro-

428 1478 541 1553 ponite,
576 1494 634 1536 nuu
657 1476 809 1537 defuturos
837 1476 986 1553 evaugelio
1008 1496 1077 1537 suos
1104 1478 1287 1546 defensores,
1322 1496 1379 1537 uon
1408 1477 1559 1537 defuturos
1588 1474 1714 1534 libertati

428 1578 564 1639 vindices
610 1578 660 1637 ubi
686 1579 710 1638 si
732 1585 825 1638 astuta
848 1579 929 1638 rolris
951 1580 1024 1639 ratio
1048 1588 1105 1649 est,
1130 1582 1215 1640 etiarn
1238 1581 1314 1640 lurte
1335 1599 1394 1640 non
1409 1581 1503 1640 deerit
1517 1579 1714 1639 necessarium

361 1680 514 1749 §.euobis
548 1679 709 1741 consilium.
763 1680 872 1740 lterum
906 1701 974 1741 aero
1009 1683 1201 1741 commonitos
1227 1682 1307 1753 volo,
1342 1683 1407 1760 (pria
1436 1701 1468 1742 se
1496 1682 1613 1741 nimiam
1654 1674 1661 1760 Ι
1698 1688 1758 1733 mn

428 1783 593 1860 superludit
613 1782 696 1843 vobis
718 1784 833 1843 lortuua
857 1802 949 1852 tarino,
974 1790 1006 1843 ut
1028 1803 1130 1844 rerum
1151 1785 1377 1845 vicissitudinem
1400 1786 1532 1863 cogitetis
1554 1791 1583 1844 et
1604 1782 1714 1862 eupidi-
1727 1801 1751 1840 ro

428 1885 536 1946 tatibus
558 1884 714 1964 aliquando
736 1886 839 1945 restris
861 1886 977 1946 lrenum
1006 1888 1151 1965 ingeratis,
1196 1888 1232 1947 ad
1261 1905 1408 1948 summanr
1437 1887 1623 1965 pervenistis:
1658 1886 1714 1943 iaur

429 2005 488 2047 uon
510 1994 568 2054 est,
598 1988 675 2065 quod
698 1989 911 2049 incrementum
935 1989 1105 2065 concipiatis
1127 1991 1223 2050 animo
1252 1989 1389 2058 ulterius;
1419 1990 1455 2051 de
1483 1988 1565 2067 lapsu
1594 1985 1715 2065 posthae

429 2090 616 2166 cogitandum
647 2098 706 2150 est:
740 2108 808 2150 uam
836 2088 894 2150 labi
922 2091 1050 2168 proclive
1077 2098 1120 2150 est
1148 2092 1283 2152 omuibus
1310 2095 1341 2153 iu
1369 2093 1446 2153 edito
1469 2093 1519 2171 qui
1541 2091 1712 2150 consistunt.

362 2191 578 2254 §.sslutrorsus
599 2193 708 2253 referte
729 2194 800 2252 istos
822 2192 987 2252 ambitionis
1009 2195 1096 2263 lines,
1124 2194 1208 2253 istam
1237 2196 1362 2254 avaritiae
1392 2203 1498 2255 raretum
1528 2194 1636 2253 arctius
1658 2192 1714 2250 cir·

430 2296 616 2356 cumscribitc
639 2304 668 2355 et
689 2294 810 2355 luxuriae
832 2295 952 2354 modum
973 2296 1082 2373 ponite.
1128 2315 1194 2355 uarrr
1223 2317 1282 2376 quo
1310 2316 1341 2357 se
1368 2297 1485 2357 tandem
1514 2295 1561 2355 illa
1584 2295 1750 2372 porrigetis

430 2399 571 2476 cupiditas
594 2399 709 2457 restra?
736 2416 823 2477 quem
846 2396 1050 2457 accumulandi
1072 2397 1192 2458 modum
1215 2400 1365 2459 statuetis?
1393 2417 1451 2458 nou
1480 2396 1635 2476 aliepiando
1664 2412 1715 2453 ros

362 2512 419 2562 §.st
431 2501 591 2578 respicietis
620 2506 648 2560 et
677 2518 736 2559 non
764 2517 822 2577 quo
851 2499 975 2558 tendatis
1002 2499 1053 2559 sed
1082 2500 1159 2559 unde
1183 2502 1317 2562 veneritis
1340 2500 1589 2580 consyderabitis?
1611 2497 1714 2558 Redite.

428 2605 458 2664 iu
479 2605 568 2671 viam,
592 2602 699 2670 redite,
723 2608 752 2660 et
773 2600 810 2661 ab
833 2619 935 2661 errore
957 2602 1074 2679 quando
1096 2604 1242 2680 integrum
1265 2604 1322 2663 boc
1343 2612 1384 2663 est
1408 2622 1458 2663 vos
1480 2603 1615 2679 recipite:
1639 2619 1715 2677 sern-

428 2724 481 2783 per
510 2705 563 2765 luit
584 2703 687 2764 melius
708 2721 864 2764 recurrere
891 2721 978 2781 quam
1008 2704 1172 2782 periculose
1194 2723 1380 2783 procurrere.
1425 2712 1518 2765 estote
1541 2722 1600 2764 uon
1622 2702 1715 2763 bono-

429 2827 496 2869 rum
518 2808 632 2876 hostes,
654 2806 705 2866 sed
727 2805 871 2866 malorum
894 2806 1036 2874 vindicem
1060 2805 1122 2865 aliis
1145 2808 1298 2885 prodesto,
1321 2827 1380 2868 non
1402 2808 1485 2868 robis
1499 2805 1748 2884 coireupiseite;u

429 2911 471 2970 sic
494 2911 569 2986 agite
591 2916 624 2969 ut
646 2908 818 2969 medicinam
841 2926 856 2966 a
879 2907 961 2966 vobis
983 2925 1104 2987 sperare
1126 2909 1225 2980 liceat,
1250 2929 1308 2970 riou
1323 2912 1427 2970 timere
1442 2925 1602 2976 venenum;
1625 2908 1716 2984 impe·

431 3020 493 3073 rate
516 3010 720 3089 cupiditatibus
743 3011 846 3070 restris
868 3017 897 3068 et
917 3011 1021 3070 rationi
1044 3019 1143 3088 parete
1166 3031 1199 3072 ae
1222 3014 1308 3073 istum
1336 3012 1527 3073 moderamini
1557 3009 1667 3069 fraudis
1689 3017 1717 3069 et

362 3117 599 3195 l·⁹⁰·iurposturre
621 3113 803 3174 successum!
827 3111 890 3171 Non
913 3119 1056 3190 perpetuo
1079 3116 1232 3175 raecutient
1253 3117 1302 3194 ‹pri
1325 3116 1434 3193 aliquot
1456 3114 1512 3173 iam
1535 3130 1627 3172 aranos
1642 3110 1717 3170 male

429 3219 474 3279 usi
495 3224 564 3278 suut
586 3215 686 3277 oculis.
732 3214 832 3275 videtis
854 3213 933 3274 illam
955 3216 1067 3293 spirare
1088 3215 1231 3278 libertatis
1252 3236 1368 3287 auram,
1392 3217 1525 3277 homines
1540 3214 1626 3275 taedio
1642 3231 1716 3291 prae·

429 3321 554 3382 seutium
583 3320 721 3379 innovare
749 3318 827 3378 bunc
855 3336 956 3379 rerum
982 3325 1089 3378 statum
1119 3338 1235 3397 cupere.
1281 3319 1331 3380 ubi
1353 3320 1452 3380 neseio
1475 3337 1510 3378 au
1534 3325 1597 3377 tuto
1619 3318 1748 3395 possi-aa

430 3441 496 3484 mus
517 3439 571 3482 rios
593 3421 753 3481 contemni:
783 3418 938 3497 aliquando
966 3439 1001 3479 es
1031 3421 1143 3481 ruodiea
1173 3421 1265 3481 invilla
1294 3422 1396 3499 ingens
1424 3422 1519 3480 statim
1548 3419 1715 3479 incendium

361 3526 557 3587 eueniant
603 3524 671 3584 llaec
693 3523 717 3581 si
745 3522 774 3581 iu
803 3528 930 3580 mentem
960 3522 1042 3581 robis
1071 3525 1215 3591 venerint,
1246 3541 1304 3582 non
1332 3531 1470 3602 poterunt
1498 3541 1555 3582 nou
1584 3540 1648 3580 esse
1691 3517 1699 3601 Ι
1733 3532 1759 3576 n

431 3629 582 3696 salutarim
606 3626 650 3685 sin
672 3643 741 3684 vero
764 3622 885 3684 ulterius
907 3625 1032 3684 lortunae
1054 3625 1201 3685 lulendum
1225 3625 1384 3694 vielebitur,
1415 3633 1442 3684 et
1465 3625 1626 3685 Lutlreraun
1649 3640 1717 3700 per·

431 3730 624 3797 tinacissime,
646 3735 679 3787 ut
701 3725 877 3795 instituistis,
907 3727 1140 3805 persequemini.
1169 3728 1270 3787 eadem
1294 3746 1383 3805 opera
1407 3727 1516 3805 lvideor
1538 3727 1615 3785 euim
1638 3724 1716 3803 quod

364 3842 420 3892 tt?-
433 3836 563 3894 [utinum
586 3838 630 3892 aa
652 3827 830 3908 praesentire)
854 3830 945 3888 latruu
967 3829 1045 3906 quod
1070 3847 1119 3887 ros
1141 3836 1239 3888 irretiret
1261 3831 1424 3889 accersatis.
1469 3828 1643 3887 Mementote
1665 3843 1752 3885 auno

432 3945 491 3997 tem
513 3935 640 3994 vindices
670 3949 734 3992 osse
761 3930 806 3989 dei
838 3928 938 3990 siculos
965 3932 995 3989 iu
1024 3932 1120 3990 intima
1149 3931 1211 3991 baec
1233 3949 1348 4008 semper
1370 3931 1510 3994 directos,
1541 3938 1569 3988 et
1591 3929 1719 4005 desuper

432 4039 584 4099 imminere
606 4035 688 4095 robis
710 4034 857 4095 iudicium.
903 4032 988 4092 Certe
1011 4033 1144 4109 prolecto
1167 4033 1328 4093 innocentis
1349 4034 1402 4092 riri
1424 4033 1609 4092 damnatione
1625 4032 1717 4109 capita

432 4147 527 4200 restra
549 4144 718 4198 consecrata
740 4136 845 4195 sciatis.

499 4292 574 4342 ¹lib.
589 4292 646 4341 ads.
661 4289 725 4354 (aas.
740 4288 776 4353 5.)
795 4289 886 4337 deleuit
899 4289 933 4336 ΙΙ.
987 4284 1160 4338 ¹Hutlrenos
1179 4290 1205 4336 3.
1258 4285 1499 4352 maiuslmngiad.
1553 4286 1719 4337 *asserta

430 4379 506 4445 ¹qui
525 4395 554 4427 sc
573 4378 686 4427 nimium
704 4375 783 4424 vobis
801 4376 901 4438 sup-l.
943 4371 964 4403 ¹⁰
982 4372 1061 4421 robis
1079 4373 1314 4435 ciam.l.3(?).6.
1357 4372 1376 4404 ¹¹
1397 4376 1625 4425 vestrisomis.3.
1666 4375 1720 4438 saq-

431 4480 494 4515 num
513 4468 538 4513 2.
576 4462 596 4493 ¹²
614 4462 691 4527 lapso
712 4464 735 4510 l.
788 4462 844 4508 lum
862 4461 921 4508 edd
951 4460 1020 4509 oritis.
1037 4459 1062 4505 3.
1099 4459 1215 4522 posthac
1228 4475 1296 4509 eurr.
1311 4460 1347 4508 H.
1361 4464 1386 4506 et
1398 4463 1435 4508 sir
1447 4461 1521 4509 dubet
1536 4463 1559 4508 2.
1576 4463 1601 4508 ia
1614 4463 1719 4507 erratis.

344 4541 351 4555 ’
433 4550 453 4582 ¹¹
472 4549 515 4599 Cf.
530 4549 588 4599 Cic.
602 4548 684 4597 '1¹1rsc.
700 4548 746 4596 IV.
761 4544 843 4607 18,st
902 4542 1118 4594 ¹⁸auuricioed.
1178 4543 1198 4576 ¹⁵
1216 4561 1287 4610 porr.
1301 4543 1350 4593 illu
1370 4545 1396 4593 3,
1455 4544 1475 4575 ra
1493 4544 1595 4595 consul.
1612 4548 1634 4593 1.
1645 4548 1719 4595 (Μ.

433 4635 500 4685 ¹¹'ct
518 4638 587 4684 omis.
602 4635 629 4683 3.
686 4632 735 4665 ¹¹¹¹
754 4646 862 4695 sempor
879 4625 940 4693 ete]
964 4628 1068 4677 Eodem
1093 4629 1182 4680 veteri
1208 4632 1388 4685 ex,lareiano
1411 4632 1553 4696 desumpto
1576 4632 1721 4695 proverbio

432 4723 519 4771 utitin·
547 4720 620 4769 inlrn
645 4722 672 4768 in
695 4720 807 4783 Expost.
832 4732 856 4763 c.
875 4714 1087 4771 Erusmossbl.
1124 4713 1339 4780 ²²eupiditaiib¹
1353 4721 1378 4765 2.
1415 4717 1520 4766 nationi
1534 4720 1560 4765 2.
1597 4715 1720 4781 etlaeu.

433 4806 455 4838 ²³
475 4806 583 4871 aliquod
604 4809 627 4854 4.
669 4802 690 4835 ²¹
703 4804 778 4852 tedio
791 4804 816 4849 2.
852 4797 874 4829 ²⁵
892 4799 1232 4850 ubimemicuitomted.
1273 4801 1295 4832 ²¹·
1319 4803 1441 4850 contenti
1460 4804 1484 4849 d.
1521 4804 1721 4866 lle-proverbio

434 4893 489 4942 vid.
508 4893 618 4941 lateret.
633 4891 664 4939 V.
681 4887 740 4937 billi.
753 4903 793 4951 sq.
834 4885 857 4916 ³⁰
874 4885 1046 4933 Memeneoto
1067 4888 1090 4934 l.
1131 4885 1154 4917 ³²
1171 4887 1341 4937 ‹lamnationi
1359 4890 1506 4937 corrosisse
1527 4888 1561 4936 H.
1579 4890 1666 4936 ailant.
1682 4889 1721 4938 M.

433 4976 456 5008 ⁸³
474 4978 580 5027 scintis.
599 4977 666 5040 Imp.
680 4973 702 5022 dt
714 4974 793 5037 Papa
811 4988 835 5020 v.
851 4984 909 5034 sup.
923 4974 947 5019 5.
