<?xml version="1.0" encoding="UTF-8"?>
<!DOCTYPE html PUBLIC "-//W3C//DTD XHTML 1.0 Transitional//EN"
    "http://www.w3.org/TR/xhtml1/DTD/xhtml1-transitional.dtd">
<html xmlns="http://www.w3.org/1999/xhtml" xml:lang="en" lang="en">
 <head>
  <title>
</title>
<meta http-equiv="Content-Type" content="text/html;charset=utf-8" />
  <meta name='ocr-system' content='tesseract 3.04.00' />
  <meta name='ocr-capabilities' content='ocr_page ocr_carea ocr_par ocr_line ocrx_word'/>
</head>
<body>
  <div class='ocr_page' id='page_1' title='image "./ulrichihuttenie11huttgoog_0304.png"; bbox 0 0 3934 6034; ppageno 0'>
   <div class='ocr_carea' id='block_1_1' title="bbox 293 666 1405 745">
    <p class='ocr_par' dir='ltr' id='par_1_1' title="bbox 293 666 1405 745">
     <span class='ocr_line' id='line_1_1' title="bbox 293 666 1405 745; baseline 0.01 -14"><span class='ocrx_word' id='word_1_1' title='bbox 293 666 367 739; x_wconf 75' lang='lat'><em>268</em></span> <span class='ocrx_word' id='word_1_2' title='bbox 465 682 662 736; x_wconf 79' lang='lat' dir='ltr'><em>cccxxxln.</em></span> <span class='ocrx_word' id='word_1_3' title='bbox 685 704 803 740; x_wconf 71' lang='lat' dir='ltr'><em>saonam</em></span> <span class='ocrx_word' id='word_1_4' title='bbox 817 706 918 741; x_wconf 70' lang='lat' dir='ltr'><em>censui</em></span> <span class='ocrx_word' id='word_1_5' title='bbox 933 708 1075 744; x_wconf 69' lang='lat' dir='ltr'><em>rovenses</em></span> <span class='ocrx_word' id='word_1_6' title='bbox 1088 709 1260 745; x_wconf 73' lang='lat' dir='ltr'><em>nsrssoinas</em></span> <span class='ocrx_word' id='word_1_7' title='bbox 1275 710 1405 745; x_wconf 71' lang='lat' dir='ltr'><em>aarum.</em></span> 
     </span>
    </p>
   </div>
   <div class='ocr_carea' id='block_1_2' title="bbox 213 859 1627 4807">
    <p class='ocr_par' dir='ltr' id='par_1_2' title="bbox 216 859 1619 3585">
     <span class='ocr_line' id='line_1_2' title="bbox 292 859 1577 936; baseline 0.004 -22"><span class='ocrx_word' id='word_1_8' title='bbox 292 860 487 931; x_wconf 87' lang='lat' dir='ltr'><em>asperserim,·</em></span> <span class='ocrx_word' id='word_1_9' title='bbox 519 860 598 932; x_wconf 89' lang='lat' dir='ltr'><em>qaod</em></span> <span class='ocrx_word' id='word_1_10' title='bbox 613 859 764 936; x_wconf 82' lang='lat' dir='ltr'><em>Tbeoloqis</em></span> <span class='ocrx_word' id='word_1_11' title='bbox 782 863 1011 924; x_wconf 76' lang='lat' dir='ltr'><em>lovaniensibus</em></span> <span class='ocrx_word' id='word_1_12' title='bbox 1031 874 1060 924; x_wconf 92' lang='lat' dir='ltr'><em>el</em></span> <span class='ocrx_word' id='word_1_13' title='bbox 1080 869 1148 926; x_wconf 85' lang='lat' dir='ltr'><em>aliis</em></span> <span class='ocrx_word' id='word_1_14' title='bbox 1169 870 1316 927; x_wconf 77' lang='lat' dir='ltr'><em>nonnullis</em></span> <span class='ocrx_word' id='word_1_15' title='bbox 1336 869 1389 925; x_wconf 91' lang='lat' dir='ltr'><em>sim</em></span> <span class='ocrx_word' id='word_1_16' title='bbox 1409 864 1577 929; x_wconf 71' lang='lat' dir='ltr'><em>blanditus:</em></span> 
     </span>
     <span class='ocr_line' id='line_1_3' title="bbox 294 957 1576 1043; baseline 0.005 -26"><span class='ocrx_word' id='word_1_17' title='bbox 294 957 419 1033; x_wconf 83' lang='lat' dir='ltr'><em>deniqne</em></span> <span class='ocrx_word' id='word_1_18' title='bbox 439 960 518 1033; x_wconf 91' lang='lat' dir='ltr'><em>qaod</em></span> <span class='ocrx_word' id='word_1_19' title='bbox 538 962 630 1021; x_wconf 89' lang='lat' dir='ltr'><em>subito</em></span> <span class='ocrx_word' id='word_1_20' title='bbox 652 964 824 1023; x_wconf 76' lang='lat' dir='ltr'><em>desciverim</em></span> <span class='ocrx_word' id='word_1_21' title='bbox 846 967 884 1025; x_wconf 92' lang='lat' dir='ltr'><em>ab</em></span> <span class='ocrx_word' id='word_1_22' title='bbox 901 971 1070 1041; x_wconf 80' lang='lat' dir='ltr'><em>ennnqelico</em></span> <span class='ocrx_word' id='word_1_23' title='bbox 1091 973 1209 1043; x_wconf 83' lang='lat' dir='ltr'><em>neqocio</em></span> <span class='ocrx_word' id='word_1_24' title='bbox 1231 978 1260 1028; x_wconf 90' lang='lat' dir='ltr'><em>et</em></span> <span class='ocrx_word' id='word_1_25' title='bbox 1281 970 1323 1027; x_wconf 91' lang='lat' dir='ltr'><em>nd</em></span> <span class='ocrx_word' id='word_1_26' title='bbox 1342 969 1430 1027; x_wconf 89' lang='lat' dir='ltr'><em>baias</em></span> <span class='ocrx_word' id='word_1_27' title='bbox 1450 965 1576 1025; x_wconf 86' lang='lat' dir='ltr'><em>subaer-</em></span> 
     </span>
     <span class='ocr_line' id='line_1_4' title="bbox 224 1063 1576 1147; baseline 0.003 -28"><span class='ocrx_word' id='word_1_28' title='bbox 224 1064 243 1114; x_wconf 78' lang='lat' dir='ltr'><em>l.</em></span> <span class='ocrx_word' id='word_1_29' title='bbox 253 1066 283 1110; x_wconf 79' lang='lat'><em>¹⁹·</em></span> <span class='ocrx_word' id='word_1_30' title='bbox 293 1063 401 1120; x_wconf 88' lang='lat' dir='ltr'><em>sionem</em></span> <span class='ocrx_word' id='word_1_31' title='bbox 426 1069 513 1121; x_wconf 91' lang='lat' dir='ltr'><em>totum</em></span> <span class='ocrx_word' id='word_1_32' title='bbox 539 1066 668 1123; x_wconf 88' lang='lat' dir='ltr'><em>animam</em></span> <span class='ocrx_word' id='word_1_33' title='bbox 695 1068 877 1126; x_wconf 89' lang='lat' dir='ltr'><em>intenderim.</em></span> <span class='ocrx_word' id='word_1_34' title='bbox 921 1071 971 1128; x_wconf 87' lang='lat' dir='ltr'><em>*et</em></span> <span class='ocrx_word' id='word_1_35' title='bbox 991 1073 1106 1129; x_wconf 87' lang='lat' dir='ltr'><em>interim</em></span> <span class='ocrx_word' id='word_1_36' title='bbox 1129 1075 1273 1147; x_wconf 86' lang='lat' dir='ltr'><em>promittit</em></span> <span class='ocrx_word' id='word_1_37' title='bbox 1292 1089 1323 1130; x_wconf 90' lang='lat' dir='ltr'><em>se</em></span> <span class='ocrx_word' id='word_1_38' title='bbox 1342 1071 1472 1129; x_wconf 91' lang='lat' dir='ltr'><em>libellum</em></span> <span class='ocrx_word' id='word_1_39' title='bbox 1494 1068 1576 1125; x_wconf 89' lang='lat' dir='ltr'><em>intra</em></span> 
     </span>
     <span class='ocr_line' id='line_1_5' title="bbox 292 1164 1576 1248; baseline 0.005 -27"><span class='ocrx_word' id='word_1_40' title='bbox 292 1164 421 1223; x_wconf 89' lang='lat' dir='ltr'><em>triduum</em></span> <span class='ocrx_word' id='word_1_41' title='bbox 438 1182 498 1239; x_wconf 90' lang='lat' dir='ltr'><em>per</em></span> <span class='ocrx_word' id='word_1_42' title='bbox 515 1165 663 1237; x_wconf 91' lang='lat' dir='ltr'><em>famulam</em></span> <span class='ocrx_word' id='word_1_43' title='bbox 683 1172 855 1228; x_wconf 89' lang='lat' dir='ltr'><em>missuram:</em></span> <span class='ocrx_word' id='word_1_44' title='bbox 879 1174 964 1245; x_wconf 90' lang='lat' dir='ltr'><em>atqui</em></span> <span class='ocrx_word' id='word_1_45' title='bbox 980 1172 1067 1231; x_wconf 85' lang='lat' dir='ltr'><em>buius</em></span> <span class='ocrx_word' id='word_1_46' title='bbox 1084 1176 1252 1248; x_wconf 78' lang='lat' dir='ltr'><em>exemplar,</em></span> <span class='ocrx_word' id='word_1_47' title='bbox 1275 1176 1334 1232; x_wconf 86' lang='lat' dir='ltr'><em>iam</em></span> <span class='ocrx_word' id='word_1_48' title='bbox 1355 1173 1404 1231; x_wconf 86' lang='lat' dir='ltr'><em>bic</em></span> <span class='ocrx_word' id='word_1_49' title='bbox 1420 1188 1481 1246; x_wconf 89' lang='lat' dir='ltr'><em>per</em></span> <span class='ocrx_word' id='word_1_50' title='bbox 1495 1169 1576 1226; x_wconf 92' lang='lat' dir='ltr'><em>mul-</em></span> 
     </span>
     <span class='ocr_line' id='line_1_6' title="bbox 292 1273 1598 1350; baseline 0.003 -27"><span class='ocrx_word' id='word_1_51' title='bbox 292 1273 387 1324; x_wconf 90' lang='lat' dir='ltr'><em>torum</em></span> <span class='ocrx_word' id='word_1_52' title='bbox 408 1283 513 1327; x_wconf 84' lang='lat' dir='ltr'><em>martas</em></span> <span class='ocrx_word' id='word_1_53' title='bbox 536 1278 695 1342; x_wconf 90' lang='lat' dir='ltr'><em>uersatum,</em></span> <span class='ocrx_word' id='word_1_54' title='bbox 727 1274 844 1330; x_wconf 90' lang='lat' dir='ltr'><em>missam</em></span> <span class='ocrx_word' id='word_1_55' title='bbox 873 1282 940 1332; x_wconf 92' lang='lat' dir='ltr'><em>erat</em></span> <span class='ocrx_word' id='word_1_56' title='bbox 965 1274 1175 1349; x_wconf 79' lang='lat' dir='ltr'><em>Tburreqium</em></span> <span class='ocrx_word' id='word_1_57' title='bbox 1202 1285 1230 1335; x_wconf 90' lang='lat' dir='ltr'><em>et</em></span> <span class='ocrx_word' id='word_1_58' title='bbox 1253 1278 1380 1350; x_wconf 83' lang='lat' dir='ltr'><em>populus</em></span> <span class='ocrx_word' id='word_1_59' title='bbox 1403 1273 1478 1331; x_wconf 82' lang='lat' dir='ltr'><em>milri</em></span> <span class='ocrx_word' id='word_1_60' title='bbox 1498 1282 1598 1329; x_wconf 74' lang='lat' dir='ltr'><em>nar-³</em></span> 
     </span>
     <span class='ocr_line' id='line_1_7' title="bbox 223 1369 1578 1453; baseline -0.001 -23"><span class='ocrx_word' id='word_1_61' title='bbox 223 1379 281 1430; x_wconf 74' lang='lat' dir='ltr'><em>§.m</em></span> <span class='ocrx_word' id='word_1_62' title='bbox 292 1369 380 1428; x_wconf 92' lang='lat' dir='ltr'><em>rabat</em></span> <span class='ocrx_word' id='word_1_63' title='bbox 406 1372 480 1445; x_wconf 90' lang='lat' dir='ltr'><em>quid</em></span> <span class='ocrx_word' id='word_1_64' title='bbox 503 1370 648 1430; x_wconf 88' lang='lat' dir='ltr'><em>Halteuus</em></span> <span class='ocrx_word' id='word_1_65' title='bbox 676 1376 706 1431; x_wconf 92' lang='lat' dir='ltr'><em>in</em></span> <span class='ocrx_word' id='word_1_66' title='bbox 734 1389 779 1433; x_wconf 95' lang='lat' dir='ltr'><em>me</em></span> <span class='ocrx_word' id='word_1_67' title='bbox 806 1378 977 1450; x_wconf 89' lang='lat' dir='ltr'><em>scripsisset.</em></span> <span class='ocrx_word' id='word_1_68' title='bbox 1021 1377 1193 1453; x_wconf 71' lang='lat' dir='ltr'><em>despondeo</em></span> <span class='ocrx_word' id='word_1_69' title='bbox 1211 1394 1267 1452; x_wconf 91' lang='lat' dir='ltr'><em>per</em></span> <span class='ocrx_word' id='word_1_70' title='bbox 1287 1379 1389 1436; x_wconf 76' lang='lat' dir='ltr'><em>literas</em></span> <span class='ocrx_word' id='word_1_71' title='bbox 1410 1375 1454 1433; x_wconf 92' lang='lat' dir='ltr'><em>ad</em></span> <span class='ocrx_word' id='word_1_72' title='bbox 1473 1374 1578 1448; x_wconf 89' lang='lat' dir='ltr'><em>capita</em></span> 
     </span>
     <span class='ocr_line' id='line_1_8' title="bbox 290 1474 1578 1555; baseline 0.001 -25"><span class='ocrx_word' id='word_1_73' title='bbox 290 1488 357 1545; x_wconf 83' lang='lat' dir='ltr'><em>quta</em></span> <span class='ocrx_word' id='word_1_74' title='bbox 374 1474 481 1547; x_wconf 84' lang='lat' dir='ltr'><em>primis</em></span> <span class='ocrx_word' id='word_1_75' title='bbox 500 1476 593 1533; x_wconf 88' lang='lat' dir='ltr'><em>literis</em></span> <span class='ocrx_word' id='word_1_76' title='bbox 612 1485 822 1548; x_wconf 75' lang='lat' dir='ltr'><em>proposuerat,</em></span> <span class='ocrx_word' id='word_1_77' title='bbox 842 1480 933 1536; x_wconf 88' lang='lat' dir='ltr'><em>mulla</em></span> <span class='ocrx_word' id='word_1_78' title='bbox 952 1496 1071 1540; x_wconf 89' lang='lat' dir='ltr'><em>moneas</em></span> <span class='ocrx_word' id='word_1_79' title='bbox 1089 1498 1156 1555; x_wconf 86' lang='lat' dir='ltr'><em>qna</em></span> <span class='ocrx_word' id='word_1_80' title='bbox 1172 1496 1229 1539; x_wconf 90' lang='lat' dir='ltr'><em>non</em></span> <span class='ocrx_word' id='word_1_81' title='bbox 1248 1482 1344 1537; x_wconf 90' lang='lat' dir='ltr'><em>miuus</em></span> <span class='ocrx_word' id='word_1_82' title='bbox 1358 1481 1388 1537; x_wconf 89' lang='lat' dir='ltr'><em>in</em></span> <span class='ocrx_word' id='word_1_83' title='bbox 1403 1494 1467 1537; x_wconf 89' lang='lat' dir='ltr'><em>rem</em></span> <span class='ocrx_word' id='word_1_84' title='bbox 1482 1476 1578 1551; x_wconf 85' lang='lat' dir='ltr'><em>ipsius</em></span> 
     </span>
     <span class='ocr_line' id='line_1_9' title="bbox 289 1572 1578 1654; baseline 0.001 -22"><span class='ocrx_word' id='word_1_85' title='bbox 289 1584 376 1633; x_wconf 86' lang='lat' dir='ltr'><em>eranl</em></span> <span class='ocrx_word' id='word_1_86' title='bbox 398 1591 485 1649; x_wconf 88' lang='lat' dir='ltr'><em>quam</em></span> <span class='ocrx_word' id='word_1_87' title='bbox 507 1592 611 1636; x_wconf 91' lang='lat' dir='ltr'><em>meam.</em></span> <span class='ocrx_word' id='word_1_88' title='bbox 653 1572 845 1652; x_wconf 80' lang='lat' dir='ltr'><em>*Respondet</em></span> <span class='ocrx_word' id='word_1_89' title='bbox 861 1583 953 1654; x_wconf 88' lang='lat' dir='ltr'><em>paulo</em></span> <span class='ocrx_word' id='word_1_90' title='bbox 974 1585 1085 1653; x_wconf 86' lang='lat' dir='ltr'><em>mitius,</em></span> <span class='ocrx_word' id='word_1_91' title='bbox 1108 1586 1166 1641; x_wconf 92' lang='lat' dir='ltr'><em>iam</em></span> <span class='ocrx_word' id='word_1_92' title='bbox 1185 1584 1314 1641; x_wconf 79' lang='lat' dir='ltr'><em>extincto</em></span> <span class='ocrx_word' id='word_1_93' title='bbox 1336 1581 1504 1638; x_wconf 81' lang='lat' dir='ltr'><em>Francisco</em></span> <span class='ocrx_word' id='word_1_94' title='bbox 1523 1575 1578 1634; x_wconf 89' lang='lat' dir='ltr'><em>Si-</em></span> 
     </span>
     <span class='ocr_line' id='line_1_10' title="bbox 289 1677 1579 1758; baseline 0.001 -24"><span class='ocrx_word' id='word_1_95' title='bbox 289 1677 389 1749; x_wconf 81' lang='lat' dir='ltr'><em>clriao,</em></span> <span class='ocrx_word' id='word_1_96' title='bbox 416 1684 445 1736; x_wconf 94' lang='lat' dir='ltr'><em>et</em></span> <span class='ocrx_word' id='word_1_97' title='bbox 464 1678 544 1737; x_wconf 88' lang='lat' dir='ltr'><em>banc</em></span> <span class='ocrx_word' id='word_1_98' title='bbox 562 1678 627 1750; x_wconf 90' lang='lat' dir='ltr'><em>fert</em></span> <span class='ocrx_word' id='word_1_99' title='bbox 650 1681 857 1753; x_wconf 88' lang='lat' dir='ltr'><em>conditionem,</em></span> <span class='ocrx_word' id='word_1_100' title='bbox 886 1683 992 1741; x_wconf 91' lang='lat' dir='ltr'><em>librum</em></span> <span class='ocrx_word' id='word_1_101' title='bbox 1015 1686 1073 1743; x_wconf 89' lang='lat' dir='ltr'><em>iam</em></span> <span class='ocrx_word' id='word_1_102' title='bbox 1095 1702 1157 1743; x_wconf 89' lang='lat' dir='ltr'><em>esse</em></span> <span class='ocrx_word' id='word_1_103' title='bbox 1177 1688 1294 1743; x_wconf 91' lang='lat' dir='ltr'><em>missam</em></span> <span class='ocrx_word' id='word_1_104' title='bbox 1317 1680 1522 1758; x_wconf 79' lang='lat' dir='ltr'><em>lypaqraplco,</em></span> <span class='ocrx_word' id='word_1_105' title='bbox 1546 1683 1579 1735; x_wconf 91' lang='lat' dir='ltr'><em>ul</em></span> 
     </span>
     <span class='ocr_line' id='line_1_11' title="bbox 289 1779 1613 1857; baseline 0.001 -19"><span class='ocrx_word' id='word_1_106' title='bbox 289 1779 504 1851; x_wconf 86' lang='lat' dir='ltr'><em>obticescerem‚</em></span> <span class='ocrx_word' id='word_1_107' title='bbox 532 1783 574 1838; x_wconf 90' lang='lat' dir='ltr'><em>ita</em></span> <span class='ocrx_word' id='word_1_108' title='bbox 594 1798 702 1856; x_wconf 89' lang='lat' dir='ltr'><em>pacem</em></span> <span class='ocrx_word' id='word_1_109' title='bbox 725 1789 812 1857; x_wconf 88' lang='lat' dir='ltr'><em>alque</em></span> <span class='ocrx_word' id='word_1_110' title='bbox 838 1786 924 1843; x_wconf 89' lang='lat' dir='ltr'><em>eliam</em></span> <span class='ocrx_word' id='word_1_111' title='bbox 947 1789 1105 1845; x_wconf 88' lang='lat' dir='ltr'><em>amicitiam</em></span> <span class='ocrx_word' id='word_1_112' title='bbox 1130 1785 1200 1857; x_wconf 89' lang='lat' dir='ltr'><em>fore</em></span> <span class='ocrx_word' id='word_1_113' title='bbox 1228 1790 1304 1845; x_wconf 91' lang='lat' dir='ltr'><em>inter</em></span> <span class='ocrx_word' id='word_1_114' title='bbox 1326 1801 1392 1855; x_wconf 89' lang='lat' dir='ltr'><em>nos,</em></span> <span class='ocrx_word' id='word_1_115' title='bbox 1414 1786 1443 1844; x_wconf 90' lang='lat' dir='ltr'><em>si</em></span> <span class='ocrx_word' id='word_1_116' title='bbox 1463 1784 1576 1851; x_wconf 85' lang='lat' dir='ltr'><em>uellem,</em></span> <span class='ocrx_word' id='word_1_117' title='bbox 1590 1793 1613 1832; x_wconf 77' lang='lat' dir='ltr'><em>a</em></span> 
     </span>
     <span class='ocr_line' id='line_1_12' title="bbox 221 1881 1579 1962; baseline -0.001 -19"><span class='ocrx_word' id='word_1_118' title='bbox 221 1888 436 1943; x_wconf 76' lang='lat' dir='ltr'><em>suntantea.</em></span> <span class='ocrx_word' id='word_1_119' title='bbox 476 1881 606 1943; x_wconf 79' lang='lat' dir='ltr'><em>Tandem</em></span> <span class='ocrx_word' id='word_1_120' title='bbox 626 1885 760 1943; x_wconf 92' lang='lat' dir='ltr'><em>redditas</em></span> <span class='ocrx_word' id='word_1_121' title='bbox 780 1893 823 1944; x_wconf 92' lang='lat' dir='ltr'><em>est</em></span> <span class='ocrx_word' id='word_1_122' title='bbox 843 1887 970 1957; x_wconf 86' lang='lat' dir='ltr'><em>libellas,</em></span> <span class='ocrx_word' id='word_1_123' title='bbox 992 1906 1046 1947; x_wconf 90' lang='lat' dir='ltr'><em>aec</em></span> <span class='ocrx_word' id='word_1_124' title='bbox 1067 1889 1234 1962; x_wconf 76' lang='lat' dir='ltr'><em>obsianatas</em></span> <span class='ocrx_word' id='word_1_125' title='bbox 1250 1905 1304 1947; x_wconf 88' lang='lat' dir='ltr'><em>nec</em></span> <span class='ocrx_word' id='word_1_126' title='bbox 1318 1888 1473 1960; x_wconf 80' lang='lat' dir='ltr'><em>obliquius.</em></span> <span class='ocrx_word' id='word_1_127' title='bbox 1510 1898 1579 1942; x_wconf 91' lang='lat' dir='ltr'><em>eam</em></span> 
     </span>
     <span class='ocr_line' id='line_1_13' title="bbox 286 1987 1580 2062; baseline 0.002 -21"><span class='ocrx_word' id='word_1_128' title='bbox 286 1999 423 2058; x_wconf 85' lang='lat' dir='ltr'><em>premere</em></span> <span class='ocrx_word' id='word_1_129' title='bbox 443 2001 531 2057; x_wconf 90' lang='lat' dir='ltr'><em>qaam</em></span> <span class='ocrx_word' id='word_1_130' title='bbox 553 1987 611 2044; x_wconf 90' lang='lat' dir='ltr'><em>iam</em></span> <span class='ocrx_word' id='word_1_131' title='bbox 635 2003 688 2045; x_wconf 91' lang='lat' dir='ltr'><em>nec</em></span> <span class='ocrx_word' id='word_1_132' title='bbox 710 1989 769 2061; x_wconf 83' lang='lat' dir='ltr'><em>ipsi</em></span> <span class='ocrx_word' id='word_1_133' title='bbox 788 1988 911 2048; x_wconf 83' lang='lat' dir='ltr'><em>Hulleno</em></span> <span class='ocrx_word' id='word_1_134' title='bbox 931 1998 1005 2048; x_wconf 87' lang='lat' dir='ltr'><em>esset</em></span> <span class='ocrx_word' id='word_1_135' title='bbox 1024 1993 1053 2049; x_wconf 93' lang='lat' dir='ltr'><em>in</em></span> <span class='ocrx_word' id='word_1_136' title='bbox 1077 2007 1180 2062; x_wconf 88' lang='lat' dir='ltr'><em>mann,</em></span> <span class='ocrx_word' id='word_1_137' title='bbox 1203 2000 1299 2049; x_wconf 88' lang='lat' dir='ltr'><em>lamen</em></span> <span class='ocrx_word' id='word_1_138' title='bbox 1321 1995 1411 2048; x_wconf 87' lang='lat' dir='ltr'><em>eraut</em></span> <span class='ocrx_word' id='word_1_139' title='bbox 1429 1990 1484 2061; x_wconf 88' lang='lat' dir='ltr'><em>qui</em></span> <span class='ocrx_word' id='word_1_140' title='bbox 1499 1987 1580 2045; x_wconf 88' lang='lat' dir='ltr'><em>serio</em></span> 
     </span>
     <span class='ocr_line' id='line_1_14' title="bbox 287 2088 1580 2166; baseline 0.001 -21"><span class='ocrx_word' id='word_1_141' title='bbox 287 2092 424 2159; x_wconf 82' lang='lat' dir='ltr'><em>aqerenl‚</em></span> <span class='ocrx_word' id='word_1_142' title='bbox 447 2093 478 2144; x_wconf 92' lang='lat' dir='ltr'><em>nt</em></span> <span class='ocrx_word' id='word_1_143' title='bbox 496 2090 584 2146; x_wconf 91' lang='lat' dir='ltr'><em>missa</em></span> <span class='ocrx_word' id='word_1_144' title='bbox 603 2090 689 2147; x_wconf 90' lang='lat' dir='ltr'><em>etiam</em></span> <span class='ocrx_word' id='word_1_145' title='bbox 708 2093 855 2163; x_wconf 79' lang='lat' dir='ltr'><em>poenitio,</em></span> <span class='ocrx_word' id='word_1_146' title='bbox 879 2094 906 2149; x_wconf 90' lang='lat' dir='ltr'><em>si</em></span> <span class='ocrx_word' id='word_1_147' title='bbox 925 2095 1040 2166; x_wconf 89' lang='lat' dir='ltr'><em>superis</em></span> <span class='ocrx_word' id='word_1_148' title='bbox 1057 2096 1171 2166; x_wconf 89' lang='lat' dir='ltr'><em>placet,</em></span> <span class='ocrx_word' id='word_1_149' title='bbox 1201 2095 1412 2166; x_wconf 77' lang='lat' dir='ltr'><em>impetraretur</em></span> <span class='ocrx_word' id='word_1_150' title='bbox 1434 2091 1474 2149; x_wconf 87' lang='lat' dir='ltr'><em>ab</em></span> <span class='ocrx_word' id='word_1_151' title='bbox 1496 2088 1580 2146; x_wconf 91' lang='lat' dir='ltr'><em>Hal—</em></span> 
     </span>
     <span class='ocr_line' id='line_1_15' title="bbox 287 2189 1579 2268; baseline -0.002 -19"><span class='ocrx_word' id='word_1_152' title='bbox 287 2195 366 2261; x_wconf 86' lang='lat' dir='ltr'><em>teno‚</em></span> <span class='ocrx_word' id='word_1_153' title='bbox 398 2205 435 2247; x_wconf 91' lang='lat' dir='ltr'><em>ne</em></span> <span class='ocrx_word' id='word_1_154' title='bbox 455 2190 601 2263; x_wconf 89' lang='lat' dir='ltr'><em>prodiret.</em></span> <span class='ocrx_word' id='word_1_155' title='bbox 655 2189 719 2264; x_wconf 81' lang='lat' dir='ltr'><em>Epo</em></span> <span class='ocrx_word' id='word_1_156' title='bbox 747 2195 977 2252; x_wconf 82' lang='lat' dir='ltr'><em>constantissime</em></span> <span class='ocrx_word' id='word_1_157' title='bbox 1004 2194 1144 2268; x_wconf 81' lang='lat' dir='ltr'><em>respondi</em></span> <span class='ocrx_word' id='word_1_158' title='bbox 1171 2199 1307 2268; x_wconf 89' lang='lat' dir='ltr'><em>oplimam</em></span> <span class='ocrx_word' id='word_1_159' title='bbox 1334 2193 1434 2265; x_wconf 89' lang='lat' dir='ltr'><em>faisse</em></span> <span class='ocrx_word' id='word_1_160' title='bbox 1466 2190 1579 2250; x_wconf 90' lang='lat' dir='ltr'><em>librum</em></span> 
     </span>
     <span class='ocr_line' id='line_1_16' title="bbox 287 2293 1615 2370; baseline -0.002 -18"><span class='ocrx_word' id='word_1_161' title='bbox 287 2293 430 2352; x_wconf 89' lang='lat' dir='ltr'><em>eiusmodi</em></span> <span class='ocrx_word' id='word_1_162' title='bbox 462 2307 613 2365; x_wconf 78' lang='lat' dir='ltr'><em>autequam</em></span> <span class='ocrx_word' id='word_1_163' title='bbox 644 2293 747 2363; x_wconf 79' lang='lat' dir='ltr'><em>scribi,</em></span> <span class='ocrx_word' id='word_1_164' title='bbox 779 2301 918 2353; x_wconf 84' lang='lat' dir='ltr'><em>calorum</em></span> <span class='ocrx_word' id='word_1_165' title='bbox 945 2304 1046 2370; x_wconf 88' lang='lat' dir='ltr'><em>postea</em></span> <span class='ocrx_word' id='word_1_166' title='bbox 1074 2312 1161 2369; x_wconf 89' lang='lat' dir='ltr'><em>qaam</em></span> <span class='ocrx_word' id='word_1_167' title='bbox 1190 2299 1248 2356; x_wconf 91' lang='lat' dir='ltr'><em>inm</em></span> <span class='ocrx_word' id='word_1_168' title='bbox 1276 2312 1401 2369; x_wconf 89' lang='lat' dir='ltr'><em>sparsas</em></span> <span class='ocrx_word' id='word_1_169' title='bbox 1425 2299 1516 2362; x_wconf 88' lang='lat' dir='ltr'><em>esset,</em></span> <span class='ocrx_word' id='word_1_170' title='bbox 1551 2298 1615 2350; x_wconf 79' lang='lat' dir='ltr'><em>ela</em></span> 
     </span>
     <span class='ocr_line' id='line_1_17' title="bbox 286 2395 1578 2472; baseline -0.003 -18"><span class='ocrx_word' id='word_1_171' title='bbox 286 2398 395 2454; x_wconf 82' lang='lat' dir='ltr'><em>exisset</em></span> <span class='ocrx_word' id='word_1_172' title='bbox 415 2397 528 2452; x_wconf 90' lang='lat' dir='ltr'><em>autoris</em></span> <span class='ocrx_word' id='word_1_173' title='bbox 549 2410 668 2465; x_wconf 89' lang='lat' dir='ltr'><em>manus,</em></span> <span class='ocrx_word' id='word_1_174' title='bbox 691 2395 766 2455; x_wconf 84' lang='lat' dir='ltr'><em>nibil</em></span> <span class='ocrx_word' id='word_1_175' title='bbox 785 2414 846 2454; x_wconf 89' lang='lat' dir='ltr'><em>esse</em></span> <span class='ocrx_word' id='word_1_176' title='bbox 866 2400 968 2456; x_wconf 90' lang='lat' dir='ltr'><em>melius</em></span> <span class='ocrx_word' id='word_1_177' title='bbox 987 2415 1074 2471; x_wconf 91' lang='lat' dir='ltr'><em>qaam</em></span> <span class='ocrx_word' id='word_1_178' title='bbox 1094 2401 1230 2472; x_wconf 80' lang='lat' dir='ltr'><em>erithari</em></span> <span class='ocrx_word' id='word_1_179' title='bbox 1242 2399 1463 2472; x_wconf 86' lang='lat' dir='ltr'><em>quamprimum</em></span> <span class='ocrx_word' id='word_1_180' title='bbox 1487 2395 1578 2469; x_wconf 78' lang='lat' dir='ltr'><em>typis.</em></span> 
     </span>
     <span class='ocr_line' id='line_1_18' title="bbox 286 2496 1578 2572; baseline -0.005 -15"><span class='ocrx_word' id='word_1_181' title='bbox 286 2504 315 2557; x_wconf 92' lang='lat' dir='ltr'><em>et</em></span> <span class='ocrx_word' id='word_1_182' title='bbox 336 2496 369 2555; x_wconf 93' lang='lat' dir='ltr'><em>id</em></span> <span class='ocrx_word' id='word_1_183' title='bbox 388 2512 433 2554; x_wconf 88' lang='lat' dir='ltr'><em>me</em></span> <span class='ocrx_word' id='word_1_184' title='bbox 451 2503 625 2554; x_wconf 89' lang='lat' dir='ltr'><em>curaturam</em></span> <span class='ocrx_word' id='word_1_185' title='bbox 647 2512 710 2554; x_wconf 88' lang='lat' dir='ltr'><em>meo</em></span> <span class='ocrx_word' id='word_1_186' title='bbox 736 2505 853 2571; x_wconf 87' lang='lat' dir='ltr'><em>sumpta</em></span> <span class='ocrx_word' id='word_1_187' title='bbox 876 2501 1025 2572; x_wconf 90' lang='lat' dir='ltr'><em>pollicitus</em></span> <span class='ocrx_word' id='word_1_188' title='bbox 1046 2516 1124 2570; x_wconf 78' lang='lat' dir='ltr'><em>serm,</em></span> <span class='ocrx_word' id='word_1_189' title='bbox 1154 2504 1181 2559; x_wconf 92' lang='lat' dir='ltr'><em>si</em></span> <span class='ocrx_word' id='word_1_190' title='bbox 1198 2504 1308 2560; x_wconf 86' lang='lat' dir='ltr'><em>nolente</em></span> <span class='ocrx_word' id='word_1_191' title='bbox 1325 2502 1413 2571; x_wconf 77' lang='lat' dir='ltr'><em>fleret</em></span> <span class='ocrx_word' id='word_1_192' title='bbox 1435 2496 1578 2554; x_wconf 89' lang='lat' dir='ltr'><em>Haltena.</em></span> 
     </span>
     <span class='ocr_line' id='line_1_19' title="bbox 218 2595 1581 2671; baseline -0.005 -12"><span class='ocrx_word' id='word_1_193' title='bbox 218 2617 277 2667; x_wconf 74' lang='lat' dir='ltr'><em>§.nn</em></span> <span class='ocrx_word' id='word_1_194' title='bbox 286 2600 407 2659; x_wconf 92' lang='lat' dir='ltr'><em>Interea</em></span> <span class='ocrx_word' id='word_1_195' title='bbox 428 2600 600 2669; x_wconf 84' lang='lat' dir='ltr'><em>comm&#39;qrm</em></span> <span class='ocrx_word' id='word_1_196' title='bbox 624 2595 818 2671; x_wconf 80' lang='lat' dir='ltr'><em>Tburreqium</em></span> <span class='ocrx_word' id='word_1_197' title='bbox 840 2599 991 2659; x_wconf 79' lang='lat' dir='ltr'><em>Halteras.</em></span> <span class='ocrx_word' id='word_1_198' title='bbox 1042 2602 1111 2659; x_wconf 90' lang='lat' dir='ltr'><em>inde</em></span> <span class='ocrx_word' id='word_1_199' title='bbox 1131 2602 1244 2671; x_wconf 81' lang='lat' dir='ltr'><em>scribit,</em></span> <span class='ocrx_word' id='word_1_200' title='bbox 1275 2607 1306 2658; x_wconf 93' lang='lat' dir='ltr'><em>ut</em></span> <span class='ocrx_word' id='word_1_201' title='bbox 1325 2600 1382 2671; x_wconf 86' lang='lat' dir='ltr'><em>boc</em></span> <span class='ocrx_word' id='word_1_202' title='bbox 1401 2597 1526 2670; x_wconf 88' lang='lat' dir='ltr'><em>faciam</em></span> <span class='ocrx_word' id='word_1_203' title='bbox 1548 2598 1581 2654; x_wconf 92' lang='lat' dir='ltr'><em>in</em></span> 
     </span>
     <span class='ocr_line' id='line_1_20' title="bbox 287 2700 1581 2778; baseline -0.004 -17"><span class='ocrx_word' id='word_1_204' title='bbox 287 2703 361 2761; x_wconf 81' lang='lat' dir='ltr'><em>Alea</em></span> <span class='ocrx_word' id='word_1_205' title='bbox 389 2700 574 2759; x_wconf 85' lang='lat' dir='ltr'><em>Homericam</em></span> <span class='ocrx_word' id='word_1_206' title='bbox 601 2700 782 2770; x_wconf 89' lang='lat' dir='ltr'><em>reiiciamus,</em></span> <span class='ocrx_word' id='word_1_207' title='bbox 811 2708 879 2775; x_wconf 87' lang='lat' dir='ltr'><em>post</em></span> <span class='ocrx_word' id='word_1_208' title='bbox 903 2701 969 2760; x_wconf 84' lang='lat' dir='ltr'><em>bac</em></span> <span class='ocrx_word' id='word_1_209' title='bbox 999 2706 1097 2761; x_wconf 91' lang='lat' dir='ltr'><em>omnia</em></span> <span class='ocrx_word' id='word_1_210' title='bbox 1121 2705 1297 2778; x_wconf 80' lang='lat' dir='ltr'><em>prudentias</em></span> <span class='ocrx_word' id='word_1_211' title='bbox 1330 2709 1471 2760; x_wconf 79' lang='lat' dir='ltr'><em>aetrnum</em></span> <span class='ocrx_word' id='word_1_212' title='bbox 1505 2715 1581 2757; x_wconf 86' lang='lat' dir='ltr'><em>sese.</em></span> 
     </span>
     <span class='ocr_line' id='line_1_21' title="bbox 216 2802 1617 2875; baseline -0.004 -14"><span class='ocrx_word' id='word_1_213' title='bbox 216 2804 440 2869; x_wconf 72' lang='lat' dir='ltr'><em>§.mPraeterea</em></span> <span class='ocrx_word' id='word_1_214' title='bbox 465 2802 540 2861; x_wconf 83' lang='lat' dir='ltr'><em>nibil</em></span> <span class='ocrx_word' id='word_1_215' title='bbox 560 2808 655 2860; x_wconf 85' lang='lat' dir='ltr'><em>aelam</em></span> <span class='ocrx_word' id='word_1_216' title='bbox 677 2809 720 2860; x_wconf 92' lang='lat' dir='ltr'><em>est</em></span> <span class='ocrx_word' id='word_1_217' title='bbox 740 2804 816 2861; x_wconf 90' lang='lat' dir='ltr'><em>inter</em></span> <span class='ocrx_word' id='word_1_218' title='bbox 838 2819 898 2861; x_wconf 73' lang='lat' dir='ltr'><em>nos,</em></span> <span class='ocrx_word' id='word_1_219' title='bbox 943 2803 1018 2862; x_wconf 82' lang='lat' dir='ltr'><em>Hac</em></span> <span class='ocrx_word' id='word_1_220' title='bbox 1038 2808 1135 2863; x_wconf 90' lang='lat' dir='ltr'><em>omnia</em></span> <span class='ocrx_word' id='word_1_221' title='bbox 1160 2808 1203 2863; x_wconf 92' lang='lat' dir='ltr'><em>sic</em></span> <span class='ocrx_word' id='word_1_222' title='bbox 1225 2804 1348 2873; x_wconf 85' lang='lat' dir='ltr'><em>babere,</em></span> <span class='ocrx_word' id='word_1_223' title='bbox 1374 2818 1462 2861; x_wconf 88' lang='lat' dir='ltr'><em>nemo</em></span> <span class='ocrx_word' id='word_1_224' title='bbox 1478 2804 1617 2875; x_wconf 75' lang='lat' dir='ltr'><em>potesta</em></span> 
     </span>
     <span class='ocr_line' id='line_1_22' title="bbox 284 2903 1584 2980; baseline -0.005 -14"><span class='ocrx_word' id='word_1_225' title='bbox 284 2923 347 2966; x_wconf 90' lang='lat' dir='ltr'><em>esse</em></span> <span class='ocrx_word' id='word_1_226' title='bbox 368 2906 446 2964; x_wconf 87' lang='lat' dir='ltr'><em>lestis</em></span> <span class='ocrx_word' id='word_1_227' title='bbox 466 2906 562 2977; x_wconf 83' lang='lat' dir='ltr'><em>maqis</em></span> <span class='ocrx_word' id='word_1_228' title='bbox 583 2904 704 2962; x_wconf 76' lang='lat' dir='ltr'><em>idoneeas</em></span> <span class='ocrx_word' id='word_1_229' title='bbox 724 2914 812 2976; x_wconf 90' lang='lat' dir='ltr'><em>quam</em></span> <span class='ocrx_word' id='word_1_230' title='bbox 833 2903 1084 2980; x_wconf 84' lang='lat' dir='ltr'><em>Eppbeudorpias</em></span> <span class='ocrx_word' id='word_1_231' title='bbox 1111 2908 1163 2979; x_wconf 93' lang='lat' dir='ltr'><em>qui</em></span> <span class='ocrx_word' id='word_1_232' title='bbox 1186 2923 1226 2964; x_wconf 80' lang='lat' dir='ltr'><em>ec</em></span> <span class='ocrx_word' id='word_1_233' title='bbox 1254 2912 1294 2964; x_wconf 91' lang='lat' dir='ltr'><em>lot</em></span> <span class='ocrx_word' id='word_1_234' title='bbox 1321 2906 1393 2963; x_wconf 90' lang='lat' dir='ltr'><em>meis</em></span> <span class='ocrx_word' id='word_1_235' title='bbox 1414 2903 1523 2962; x_wconf 86' lang='lat' dir='ltr'><em>liberis</em></span> <span class='ocrx_word' id='word_1_236' title='bbox 1544 2917 1584 2960; x_wconf 91' lang='lat' dir='ltr'><em>ac</em></span> 
     </span>
     <span class='ocr_line' id='line_1_23' title="bbox 281 3004 1583 3083; baseline -0.004 -17"><span class='ocrx_word' id='word_1_237' title='bbox 281 3006 487 3079; x_wconf 79' lang='lat' dir='ltr'><em>familiaribus</em></span> <span class='ocrx_word' id='word_1_238' title='bbox 514 3007 665 3083; x_wconf 83' lang='lat' dir='ltr'><em>colloquiis</em></span> <span class='ocrx_word' id='word_1_239' title='bbox 689 3007 759 3063; x_wconf 89' lang='lat' dir='ltr'><em>satis</em></span> <span class='ocrx_word' id='word_1_240' title='bbox 787 3007 995 3065; x_wconf 88' lang='lat' dir='ltr'><em>animaduertit</em></span> <span class='ocrx_word' id='word_1_241' title='bbox 1015 3023 1060 3066; x_wconf 90' lang='lat' dir='ltr'><em>me</em></span> <span class='ocrx_word' id='word_1_242' title='bbox 1075 3024 1187 3081; x_wconf 74' lang='lat' dir='ltr'><em>parrum</em></span> <span class='ocrx_word' id='word_1_243' title='bbox 1209 3009 1298 3065; x_wconf 79' lang='lat' dir='ltr'><em>criniri</em></span> <span class='ocrx_word' id='word_1_244' title='bbox 1317 3008 1413 3064; x_wconf 88' lang='lat' dir='ltr'><em>animi</em></span> <span class='ocrx_word' id='word_1_245' title='bbox 1433 3004 1583 3077; x_wconf 79' lang='lat' dir='ltr'><em>affectum</em></span> 
     </span>
     <span class='ocr_line' id='line_1_24' title="bbox 285 3105 1585 3183; baseline -0.004 -16"><span class='ocrx_word' id='word_1_246' title='bbox 285 3116 345 3167; x_wconf 90' lang='lat' dir='ltr'><em>lam</em></span> <span class='ocrx_word' id='word_1_247' title='bbox 366 3108 520 3167; x_wconf 84' lang='lat' dir='ltr'><em>obtinuisse</em></span> <span class='ocrx_word' id='word_1_248' title='bbox 541 3123 615 3179; x_wconf 76' lang='lat' dir='ltr'><em>erpa</em></span> <span class='ocrx_word' id='word_1_249' title='bbox 631 3105 802 3178; x_wconf 88' lang='lat' dir='ltr'><em>Haltenam,</em></span> <span class='ocrx_word' id='word_1_250' title='bbox 824 3115 892 3165; x_wconf 92' lang='lat' dir='ltr'><em>eta</em></span> <span class='ocrx_word' id='word_1_251' title='bbox 914 3110 994 3166; x_wconf 77' lang='lat' dir='ltr'><em>niella</em></span> <span class='ocrx_word' id='word_1_252' title='bbox 1013 3111 1108 3166; x_wconf 90' lang='lat' dir='ltr'><em>minus</em></span> <span class='ocrx_word' id='word_1_253' title='bbox 1128 3112 1307 3183; x_wconf 88' lang='lat' dir='ltr'><em>suspicatum</em></span> <span class='ocrx_word' id='word_1_254' title='bbox 1327 3108 1448 3166; x_wconf 87' lang='lat' dir='ltr'><em>bostilia</em></span> <span class='ocrx_word' id='word_1_255' title='bbox 1470 3108 1585 3165; x_wconf 80' lang='lat' dir='ltr'><em>exori-</em></span> 
     </span>
     <span class='ocr_line' id='line_1_25' title="bbox 219 3206 1585 3284; baseline -0.004 -15"><span class='ocrx_word' id='word_1_256' title='bbox 219 3219 357 3277; x_wconf 66' lang='lat' dir='ltr'><em>§.nnlura</em></span> <span class='ocrx_word' id='word_1_257' title='bbox 379 3225 467 3284; x_wconf 89' lang='lat' dir='ltr'><em>quam</em></span> <span class='ocrx_word' id='word_1_258' title='bbox 491 3209 604 3268; x_wconf 91' lang='lat' dir='ltr'><em>abillo.</em></span> <span class='ocrx_word' id='word_1_259' title='bbox 641 3207 698 3266; x_wconf 82' lang='lat' dir='ltr'><em>Ubi</em></span> <span class='ocrx_word' id='word_1_260' title='bbox 716 3215 760 3266; x_wconf 89' lang='lat' dir='ltr'><em>est</em></span> <span class='ocrx_word' id='word_1_261' title='bbox 779 3210 871 3281; x_wconf 80' lang='lat' dir='ltr'><em>iqilur</em></span> <span class='ocrx_word' id='word_1_262' title='bbox 897 3212 952 3268; x_wconf 87' lang='lat' dir='ltr'><em>ista</em></span> <span class='ocrx_word' id='word_1_263' title='bbox 976 3210 1189 3280; x_wconf 79' lang='lat' dir='ltr'><em>inhumanitas,</em></span> <span class='ocrx_word' id='word_1_264' title='bbox 1211 3226 1299 3284; x_wconf 88' lang='lat' dir='ltr'><em>qaam</em></span> <span class='ocrx_word' id='word_1_265' title='bbox 1315 3209 1468 3267; x_wconf 90' lang='lat' dir='ltr'><em>llnllenus</em></span> <span class='ocrx_word' id='word_1_266' title='bbox 1484 3206 1585 3265; x_wconf 89' lang='lat' dir='ltr'><em>uerbis</em></span> 
     </span>
     <span class='ocr_line' id='line_1_26' title="bbox 283 3306 1619 3385; baseline -0.008 -13"><span class='ocrx_word' id='word_1_267' title='bbox 283 3307 470 3385; x_wconf 77' lang='lat' dir='ltr'><em>eaaqqeral?</em></span> <span class='ocrx_word' id='word_1_268' title='bbox 502 3309 553 3367; x_wconf 92' lang='lat' dir='ltr'><em>ubi</em></span> <span class='ocrx_word' id='word_1_269' title='bbox 572 3315 752 3384; x_wconf 86' lang='lat' dir='ltr'><em>conlemptus</em></span> <span class='ocrx_word' id='word_1_270' title='bbox 776 3312 851 3368; x_wconf 87' lang='lat' dir='ltr'><em>tanti</em></span> <span class='ocrx_word' id='word_1_271' title='bbox 871 3306 949 3369; x_wconf 80' lang='lat' dir='ltr'><em>oiri?</em></span> <span class='ocrx_word' id='word_1_272' title='bbox 983 3312 1034 3370; x_wconf 89' lang='lat' dir='ltr'><em>ubi</em></span> <span class='ocrx_word' id='word_1_273' title='bbox 1055 3318 1146 3370; x_wconf 77' lang='lat' dir='ltr'><em>melers</em></span> <span class='ocrx_word' id='word_1_274' title='bbox 1169 3328 1256 3369; x_wconf 80' lang='lat' dir='ltr'><em>saoce</em></span> <span class='ocrx_word' id='word_1_275' title='bbox 1283 3313 1363 3369; x_wconf 80' lang='lat' dir='ltr'><em>t&#39;llias</em></span> <span class='ocrx_word' id='word_1_276' title='bbox 1390 3311 1619 3383; x_wconf 73' lang='lat' dir='ltr'><em>expostula-ns</em></span> 
     </span>
     <span class='ocr_line' id='line_1_27' title="bbox 261 3408 1583 3486; baseline -0.005 -13"><span class='ocrx_word' id='word_1_277' title='bbox 261 3416 369 3473; x_wconf 85' lang='lat' dir='ltr'><em>¹tionis</em></span> <span class='ocrx_word' id='word_1_278' title='bbox 390 3428 478 3486; x_wconf 89' lang='lat' dir='ltr'><em>quam</em></span> <span class='ocrx_word' id='word_1_279' title='bbox 501 3413 645 3469; x_wconf 88' lang='lat' dir='ltr'><em>sustinere</em></span> <span class='ocrx_word' id='word_1_280' title='bbox 666 3426 723 3468; x_wconf 91' lang='lat' dir='ltr'><em>non</em></span> <span class='ocrx_word' id='word_1_281' title='bbox 742 3408 923 3485; x_wconf 85' lang='lat' dir='ltr'><em>potuissem?</em></span> <span class='ocrx_word' id='word_1_282' title='bbox 951 3411 1072 3471; x_wconf 90' lang='lat' dir='ltr'><em>Blande</em></span> <span class='ocrx_word' id='word_1_283' title='bbox 1091 3414 1209 3485; x_wconf 80' lang='lat' dir='ltr'><em>roqaui,</em></span> <span class='ocrx_word' id='word_1_284' title='bbox 1237 3430 1273 3469; x_wconf 90' lang='lat' dir='ltr'><em>ne</em></span> <span class='ocrx_word' id='word_1_285' title='bbox 1293 3415 1357 3469; x_wconf 89' lang='lat' dir='ltr'><em>sine</em></span> <span class='ocrx_word' id='word_1_286' title='bbox 1378 3427 1478 3469; x_wconf 88' lang='lat' dir='ltr'><em>causa</em></span> <span class='ocrx_word' id='word_1_287' title='bbox 1498 3427 1583 3483; x_wconf 79' lang='lat' dir='ltr'><em>qra-</em></span> 
     </span>
     <span class='ocr_line' id='line_1_28' title="bbox 283 3512 1584 3585; baseline -0.003 -12"><span class='ocrx_word' id='word_1_288' title='bbox 283 3523 366 3573; x_wconf 86' lang='lat' dir='ltr'><em>oaret</em></span> <span class='ocrx_word' id='word_1_289' title='bbox 384 3516 510 3572; x_wconf 87' lang='lat' dir='ltr'><em>amicam</em></span> <span class='ocrx_word' id='word_1_290' title='bbox 533 3512 647 3570; x_wconf 89' lang='lat' dir='ltr'><em>inuidia</em></span> <span class='ocrx_word' id='word_1_291' title='bbox 667 3514 735 3585; x_wconf 90' lang='lat' dir='ltr'><em>plus</em></span> <span class='ocrx_word' id='word_1_292' title='bbox 756 3515 828 3570; x_wconf 88' lang='lat' dir='ltr'><em>satis</em></span> <span class='ocrx_word' id='word_1_293' title='bbox 846 3519 1023 3585; x_wconf 71' lang='lat' dir='ltr'><em>qraaalnm:</em></span> <span class='ocrx_word' id='word_1_294' title='bbox 1057 3529 1113 3572; x_wconf 91' lang='lat' dir='ltr'><em>non</em></span> <span class='ocrx_word' id='word_1_295' title='bbox 1134 3514 1296 3572; x_wconf 88' lang='lat' dir='ltr'><em>detreclaai</em></span> <span class='ocrx_word' id='word_1_296' title='bbox 1312 3515 1514 3585; x_wconf 83' lang='lat' dir='ltr'><em>colloquium,</em></span> <span class='ocrx_word' id='word_1_297' title='bbox 1535 3513 1584 3569; x_wconf 90' lang='lat' dir='ltr'><em>si-</em></span> 
     </span>
    </p>

    <p class='ocr_par' dir='ltr' id='par_1_3' title="bbox 214 3612 1623 4302">
     <span class='ocr_line' id='line_1_29' title="bbox 241 3612 1584 3696; baseline -0.004 -20"><span class='ocrx_word' id='word_1_298' title='bbox 241 3672 244 3676; x_wconf 87' lang='lat'>.</span> <span class='ocrx_word' id='word_1_299' title='bbox 282 3617 366 3696; x_wconf 77' lang='lat' dir='ltr'><em>quid¹</em></span> <span class='ocrx_word' id='word_1_300' title='bbox 380 3623 454 3673; x_wconf 89' lang='lat' dir='ltr'><em>esset</em></span> <span class='ocrx_word' id='word_1_301' title='bbox 479 3616 567 3673; x_wconf 79' lang='lat' dir='ltr'><em>serice</em></span> <span class='ocrx_word' id='word_1_302' title='bbox 597 3615 658 3679; x_wconf 89' lang='lat' dir='ltr'><em>rei,·</em></span> <span class='ocrx_word' id='word_1_303' title='bbox 693 3614 787 3672; x_wconf 88' lang='lat' dir='ltr'><em>detali</em></span> <span class='ocrx_word' id='word_1_304' title='bbox 813 3616 902 3672; x_wconf 89' lang='lat' dir='ltr'><em>amici</em></span> <span class='ocrx_word' id='word_1_305' title='bbox 926 3612 1072 3686; x_wconf 80' lang='lat' dir='ltr'><em>officiam,</em></span> <span class='ocrx_word' id='word_1_306' title='bbox 1100 3618 1188 3673; x_wconf 91' lang='lat' dir='ltr'><em>etiam</em></span> <span class='ocrx_word' id='word_1_307' title='bbox 1215 3632 1306 3687; x_wconf 87' lang='lat' dir='ltr'><em>usque</em></span> <span class='ocrx_word' id='word_1_308' title='bbox 1332 3614 1376 3672; x_wconf 91' lang='lat' dir='ltr'><em>ad</em></span> <span class='ocrx_word' id='word_1_309' title='bbox 1401 3614 1584 3687; x_wconf 86' lang='lat' dir='ltr'><em>pecuniam,</em></span> 
     </span>
     <span class='ocr_line' id='line_1_30' title="bbox 283 3716 1585 3793; baseline -0.003 -16"><span class='ocrx_word' id='word_1_310' title='bbox 283 3733 372 3793; x_wconf 89' lang='lat' dir='ltr'><em>qaam</em></span> <span class='ocrx_word' id='word_1_311' title='bbox 393 3733 459 3775; x_wconf 86' lang='lat' dir='ltr'><em>mea</em></span> <span class='ocrx_word' id='word_1_312' title='bbox 480 3717 606 3774; x_wconf 87' lang='lat' dir='ltr'><em>tenuitas</em></span> <span class='ocrx_word' id='word_1_313' title='bbox 628 3716 784 3788; x_wconf 87' lang='lat' dir='ltr'><em>impartire</em></span> <span class='ocrx_word' id='word_1_314' title='bbox 802 3718 949 3789; x_wconf 86' lang='lat' dir='ltr'><em>potuisset.</em></span> <span class='ocrx_word' id='word_1_315' title='bbox 992 3723 1137 3788; x_wconf 89' lang='lat' dir='ltr'><em>paslremo</em></span> <span class='ocrx_word' id='word_1_316' title='bbox 1156 3717 1247 3774; x_wconf 91' lang='lat' dir='ltr'><em>obtuli</em></span> <span class='ocrx_word' id='word_1_317' title='bbox 1266 3718 1464 3788; x_wconf 82' lang='lat' dir='ltr'><em>colloquium,</em></span> <span class='ocrx_word' id='word_1_318' title='bbox 1489 3718 1585 3774; x_wconf 89' lang='lat' dir='ltr'><em>eliam</em></span> 
     </span>
     <span class='ocr_line' id='line_1_31' title="bbox 214 3816 1623 3890; baseline -0.008 -9"><span class='ocrx_word' id='word_1_319' title='bbox 214 3838 272 3890; x_wconf 73' lang='lat' dir='ltr'><em>§.m</em></span> <span class='ocrx_word' id='word_1_320' title='bbox 281 3824 309 3881; x_wconf 88' lang='lat' dir='ltr'><em>si</em></span> <span class='ocrx_word' id='word_1_321' title='bbox 327 3821 404 3879; x_wconf 79' lang='lat' dir='ltr'><em>ninii</em></span> <span class='ocrx_word' id='word_1_322' title='bbox 422 3823 497 3877; x_wconf 88' lang='lat' dir='ltr'><em>esset</em></span> <span class='ocrx_word' id='word_1_323' title='bbox 518 3818 606 3875; x_wconf 85' lang='lat' dir='ltr'><em>serioe</em></span> <span class='ocrx_word' id='word_1_324' title='bbox 632 3818 690 3885; x_wconf 89' lang='lat' dir='ltr'><em>rei,</em></span> <span class='ocrx_word' id='word_1_325' title='bbox 718 3816 803 3874; x_wconf 91' lang='lat' dir='ltr'><em>modo</em></span> <span class='ocrx_word' id='word_1_326' title='bbox 830 3818 871 3873; x_wconf 91' lang='lat' dir='ltr'><em>ita</em></span> <span class='ocrx_word' id='word_1_327' title='bbox 899 3816 1014 3873; x_wconf 89' lang='lat' dir='ltr'><em>sederet</em></span> <span class='ocrx_word' id='word_1_328' title='bbox 1034 3819 1132 3874; x_wconf 91' lang='lat' dir='ltr'><em>auimo</em></span> <span class='ocrx_word' id='word_1_329' title='bbox 1152 3819 1239 3875; x_wconf 90' lang='lat' dir='ltr'><em>illias.</em></span> <span class='ocrx_word' id='word_1_330' title='bbox 1283 3817 1417 3875; x_wconf 87' lang='lat' dir='ltr'><em>delectus</em></span> <span class='ocrx_word' id='word_1_331' title='bbox 1439 3825 1488 3875; x_wconf 90' lang='lat' dir='ltr'><em>est</em></span> <span class='ocrx_word' id='word_1_332' title='bbox 1510 3818 1623 3877; x_wconf 81' lang='lat' dir='ltr'><em>ltaicsa</em></span> 
     </span>
     <span class='ocr_line' id='line_1_32' title="bbox 280 3916 1589 3996; baseline -0.003 -14"><span class='ocrx_word' id='word_1_333' title='bbox 280 3924 401 3996; x_wconf 78' lang='lat' dir='ltr'><em>nepocio</em></span> <span class='ocrx_word' id='word_1_334' title='bbox 424 3922 572 3993; x_wconf 86' lang='lat' dir='ltr'><em>interpres</em></span> <span class='ocrx_word' id='word_1_335' title='bbox 592 3918 741 3990; x_wconf 81' lang='lat' dir='ltr'><em>protiosus</em></span> <span class='ocrx_word' id='word_1_336' title='bbox 763 3931 801 3973; x_wconf 94' lang='lat' dir='ltr'><em>ac</em></span> <span class='ocrx_word' id='word_1_337' title='bbox 824 3918 905 3974; x_wconf 89' lang='lat' dir='ltr'><em>ciuili</em></span> <span class='ocrx_word' id='word_1_338' title='bbox 926 3916 1089 3988; x_wconf 74' lang='lat' dir='ltr'><em>facundia,</em></span> <span class='ocrx_word' id='word_1_339' title='bbox 1117 3920 1169 3991; x_wconf 90' lang='lat' dir='ltr'><em>qai</em></span> <span class='ocrx_word' id='word_1_340' title='bbox 1188 3920 1288 3991; x_wconf 90' lang='lat' dir='ltr'><em>siquid</em></span> <span class='ocrx_word' id='word_1_341' title='bbox 1310 3920 1401 3976; x_wconf 90' lang='lat' dir='ltr'><em>etiam</em></span> <span class='ocrx_word' id='word_1_342' title='bbox 1425 3919 1589 3978; x_wconf 78' lang='lat' dir='ltr'><em>habuisset</em></span> 
     </span>
     <span class='ocr_line' id='line_1_33' title="bbox 279 4019 1588 4096; baseline -0.002 -13"><span class='ocrx_word' id='word_1_343' title='bbox 279 4025 343 4084; x_wconf 90' lang='lat' dir='ltr'><em>odii</em></span> <span class='ocrx_word' id='word_1_344' title='bbox 360 4040 409 4082; x_wconf 90' lang='lat' dir='ltr'><em>res</em></span> <span class='ocrx_word' id='word_1_345' title='bbox 429 4024 511 4096; x_wconf 90' lang='lat' dir='ltr'><em>ipsa,</em></span> <span class='ocrx_word' id='word_1_346' title='bbox 532 4035 708 4093; x_wconf 81' lang='lat' dir='ltr'><em>qenerosas,</em></span> <span class='ocrx_word' id='word_1_347' title='bbox 729 4023 871 4089; x_wconf 79' lang='lat' dir='ltr'><em>coquatas</em></span> <span class='ocrx_word' id='word_1_348' title='bbox 891 4023 920 4074; x_wconf 91' lang='lat' dir='ltr'><em>et</em></span> <span class='ocrx_word' id='word_1_349' title='bbox 939 4019 1033 4075; x_wconf 87' lang='lat' dir='ltr'><em>ciuilis</em></span> <span class='ocrx_word' id='word_1_350' title='bbox 1048 4020 1192 4092; x_wconf 89' lang='lat' dir='ltr'><em>inlerpres</em></span> <span class='ocrx_word' id='word_1_351' title='bbox 1213 4022 1307 4077; x_wconf 88' lang='lat' dir='ltr'><em>lenire</em></span> <span class='ocrx_word' id='word_1_352' title='bbox 1324 4021 1487 4093; x_wconf 87' lang='lat' dir='ltr'><em>potuisset.</em></span> <span class='ocrx_word' id='word_1_353' title='bbox 1525 4021 1588 4080; x_wconf 89' lang='lat' dir='ltr'><em>Li-</em></span> 
     </span>
     <span class='ocr_line' id='line_1_34' title="bbox 279 4118 1588 4201; baseline -0.003 -16"><span class='ocrx_word' id='word_1_354' title='bbox 279 4132 347 4201; x_wconf 87' lang='lat' dir='ltr'><em>quet</em></span> <span class='ocrx_word' id='word_1_355' title='bbox 367 4126 459 4198; x_wconf 81' lang='lat' dir='ltr'><em>iqitur</em></span> <span class='ocrx_word' id='word_1_356' title='bbox 480 4137 569 4197; x_wconf 88' lang='lat' dir='ltr'><em>quam</em></span> <span class='ocrx_word' id='word_1_357' title='bbox 597 4136 654 4178; x_wconf 90' lang='lat' dir='ltr'><em>non</em></span> <span class='ocrx_word' id='word_1_358' title='bbox 685 4134 737 4177; x_wconf 90' lang='lat' dir='ltr'><em>suo</em></span> <span class='ocrx_word' id='word_1_359' title='bbox 764 4119 826 4176; x_wconf 91' lang='lat' dir='ltr'><em>loco</em></span> <span class='ocrx_word' id='word_1_360' title='bbox 854 4118 933 4176; x_wconf 88' lang='lat' dir='ltr'><em>dicta</em></span> <span class='ocrx_word' id='word_1_361' title='bbox 958 4118 1017 4175; x_wconf 89' lang='lat' dir='ltr'><em>sint</em></span> <span class='ocrx_word' id='word_1_362' title='bbox 1037 4119 1088 4175; x_wconf 89' lang='lat' dir='ltr'><em>illa</em></span> <span class='ocrx_word' id='word_1_363' title='bbox 1110 4122 1192 4177; x_wconf 87' lang='lat' dir='ltr'><em>toties</em></span> <span class='ocrx_word' id='word_1_364' title='bbox 1213 4119 1356 4190; x_wconf 89' lang='lat' dir='ltr'><em>Hulleno,</em></span> <span class='ocrx_word' id='word_1_365' title='bbox 1386 4124 1545 4195; x_wconf 87' lang='lat' dir='ltr'><em>‘repulisli</em></span> <span class='ocrx_word' id='word_1_366' title='bbox 1566 4139 1588 4180; x_wconf 92' lang='lat' dir='ltr'><em>a</em></span> 
     </span>
     <span class='ocr_line' id='line_1_35' title="bbox 280 4216 1590 4302; baseline -0.003 -15"><span class='ocrx_word' id='word_1_367' title='bbox 280 4223 442 4302; x_wconf 88' lang='lat' dir='ltr'><em>colloquio&#39;.</em></span> <span class='ocrx_word' id='word_1_368' title='bbox 489 4223 554 4296; x_wconf 81' lang='lat' dir='ltr'><em>qu</em></span> <span class='ocrx_word' id='word_1_369' title='bbox 584 4227 616 4280; x_wconf 92' lang='lat' dir='ltr'><em>at</em></span> <span class='ocrx_word' id='word_1_370' title='bbox 642 4228 701 4279; x_wconf 91' lang='lat' dir='ltr'><em>tum</em></span> <span class='ocrx_word' id='word_1_371' title='bbox 729 4234 812 4277; x_wconf 91' lang='lat' dir='ltr'><em>eram</em></span> <span class='ocrx_word' id='word_1_372' title='bbox 839 4216 978 4289; x_wconf 78' lang='lat' dir='ltr'><em>affeclus,</em></span> <span class='ocrx_word' id='word_1_373' title='bbox 1007 4220 1051 4275; x_wconf 82' lang='lat' dir='ltr'><em>cel</em></span> <span class='ocrx_word' id='word_1_374' title='bbox 1072 4220 1270 4279; x_wconf 75' lang='lat' dir='ltr'><em>Constantiam</em></span> <span class='ocrx_word' id='word_1_375' title='bbox 1295 4238 1390 4295; x_wconf 91' lang='lat' dir='ltr'><em>usque</em></span> <span class='ocrx_word' id='word_1_376' title='bbox 1414 4240 1477 4281; x_wconf 88' lang='lat' dir='ltr'><em>uon</em></span> <span class='ocrx_word' id='word_1_377' title='bbox 1500 4242 1590 4298; x_wconf 81' lang='lat' dir='ltr'><em>qra-</em></span> 
     </span>
    </p>

    <p class='ocr_par' dir='ltr' id='par_1_4' title="bbox 213 4318 1627 4807">
     <span class='ocr_line' id='line_1_36' title="bbox 280 4318 1627 4401; baseline -0.006 -13"><span class='ocrx_word' id='word_1_378' title='bbox 280 4336 365 4388; x_wconf 90' lang='lat' dir='ltr'><em>aatus</em></span> <span class='ocrx_word' id='word_1_379' title='bbox 388 4328 515 4401; x_wconf 80' lang='lat' dir='ltr'><em>fuissem</em></span> <span class='ocrx_word' id='word_1_380' title='bbox 540 4323 729 4395; x_wconf 84' lang='lat' dir='ltr'><em>adequitare,</em></span> <span class='ocrx_word' id='word_1_381' title='bbox 757 4322 785 4377; x_wconf 87' lang='lat' dir='ltr'><em>si</em></span> <span class='ocrx_word' id='word_1_382' title='bbox 802 4320 953 4377; x_wconf 90' lang='lat' dir='ltr'><em>sensissem</em></span> <span class='ocrx_word' id='word_1_383' title='bbox 977 4318 1031 4377; x_wconf 85' lang='lat' dir='ltr'><em>boc</em></span> <span class='ocrx_word' id='word_1_384' title='bbox 1050 4321 1126 4377; x_wconf 93' lang='lat' dir='ltr'><em>serio</em></span> <span class='ocrx_word' id='word_1_385' title='bbox 1144 4320 1262 4391; x_wconf 89' lang='lat' dir='ltr'><em>referre</em></span> <span class='ocrx_word' id='word_1_386' title='bbox 1285 4322 1427 4391; x_wconf 71' lang='lat' dir='ltr'><em>Halani:</em></span> <span class='ocrx_word' id='word_1_387' title='bbox 1461 4333 1627 4386; x_wconf 69' lang='lat' dir='ltr'><em>tantumn</em></span> 
     </span>
     <span class='ocr_line' id='line_1_37' title="bbox 213 4418 1590 4503; baseline -0.003 -12"><span class='ocrx_word' id='word_1_388' title='bbox 213 4450 271 4500; x_wconf 63' lang='lat' dir='ltr'><em>cu.</em></span> <span class='ocrx_word' id='word_1_389' title='bbox 280 4432 372 4503; x_wconf 91' lang='lat' dir='ltr'><em>abest,</em></span> <span class='ocrx_word' id='word_1_390' title='bbox 400 4436 432 4488; x_wconf 91' lang='lat' dir='ltr'><em>ut</em></span> <span class='ocrx_word' id='word_1_391' title='bbox 455 4444 475 4485; x_wconf 95' lang='lat' dir='ltr'><em>a</em></span> <span class='ocrx_word' id='word_1_392' title='bbox 502 4425 645 4497; x_wconf 85' lang='lat' dir='ltr'><em>colloquio</em></span> <span class='ocrx_word' id='word_1_393' title='bbox 666 4421 849 4479; x_wconf 87' lang='lat' dir='ltr'><em>submotarns</em></span> <span class='ocrx_word' id='word_1_394' title='bbox 871 4418 1001 4490; x_wconf 84' lang='lat' dir='ltr'><em>fuerim:</em></span> <span class='ocrx_word' id='word_1_395' title='bbox 1038 4426 1149 4478; x_wconf 89' lang='lat' dir='ltr'><em>tantum</em></span> <span class='ocrx_word' id='word_1_396' title='bbox 1171 4424 1257 4495; x_wconf 77' lang='lat' dir='ltr'><em>aprrd</em></span> <span class='ocrx_word' id='word_1_397' title='bbox 1277 4440 1323 4481; x_wconf 92' lang='lat' dir='ltr'><em>me</em></span> <span class='ocrx_word' id='word_1_398' title='bbox 1352 4427 1477 4485; x_wconf 89' lang='lat' dir='ltr'><em>ualebat</em></span> <span class='ocrx_word' id='word_1_399' title='bbox 1500 4432 1590 4487; x_wconf 91' lang='lat' dir='ltr'><em>ami-</em></span> 
     </span>
     <span class='ocr_line' id='line_1_38' title="bbox 280 4519 1592 4605; baseline -0.001 -13"><span class='ocrx_word' id='word_1_400' title='bbox 280 4534 351 4592; x_wconf 87' lang='lat' dir='ltr'><em>citia</em></span> <span class='ocrx_word' id='word_1_401' title='bbox 379 4545 468 4605; x_wconf 90' lang='lat' dir='ltr'><em>quam</em></span> <span class='ocrx_word' id='word_1_402' title='bbox 496 4533 566 4585; x_wconf 89' lang='lat' dir='ltr'><em>aute</em></span> <span class='ocrx_word' id='word_1_403' title='bbox 591 4526 756 4597; x_wconf 86' lang='lat' dir='ltr'><em>complures</em></span> <span class='ocrx_word' id='word_1_404' title='bbox 782 4536 875 4578; x_wconf 89' lang='lat' dir='ltr'><em>anuos</em></span> <span class='ocrx_word' id='word_1_405' title='bbox 897 4519 994 4577; x_wconf 86' lang='lat' dir='ltr'><em>Musa</em></span> <span class='ocrx_word' id='word_1_406' title='bbox 1020 4522 1096 4579; x_wconf 85' lang='lat' dir='ltr'><em>inter</em></span> <span class='ocrx_word' id='word_1_407' title='bbox 1117 4538 1169 4579; x_wconf 88' lang='lat' dir='ltr'><em>nos</em></span> <span class='ocrx_word' id='word_1_408' title='bbox 1186 4526 1402 4595; x_wconf 84' lang='lat' dir='ltr'><em>conciliarant,</em></span> <span class='ocrx_word' id='word_1_409' title='bbox 1427 4546 1468 4587; x_wconf 91' lang='lat' dir='ltr'><em>ac</em></span> <span class='ocrx_word' id='word_1_410' title='bbox 1492 4535 1592 4590; x_wconf 90' lang='lat' dir='ltr'><em>semel</em></span> 
     </span>
     <span class='ocr_line' id='line_1_39' title="bbox 280 4619 1593 4698; baseline 0.001 -6"><span class='ocrx_word' id='word_1_411' title='bbox 280 4635 382 4692; x_wconf 88' lang='lat' dir='ltr'><em>initam</em></span> <span class='ocrx_word' id='word_1_412' title='bbox 401 4637 503 4689; x_wconf 92' lang='lat' dir='ltr'><em>mntua</em></span> <span class='ocrx_word' id='word_1_413' title='bbox 526 4624 664 4698; x_wconf 82' lang='lat' dir='ltr'><em>quadam</em></span> <span class='ocrx_word' id='word_1_414' title='bbox 687 4626 826 4682; x_wconf 89' lang='lat' dir='ltr'><em>aluerant</em></span> <span class='ocrx_word' id='word_1_415' title='bbox 846 4619 958 4692; x_wconf 70' lang='lat' dir='ltr'><em>officia.</em></span> <span class='ocrx_word' id='word_1_416' title='bbox 1006 4620 1159 4680; x_wconf 83' lang='lat' dir='ltr'><em>Teslunlnr</em></span> <span class='ocrx_word' id='word_1_417' title='bbox 1180 4624 1235 4682; x_wconf 85' lang='lat' dir='ltr'><em>boc</em></span> <span class='ocrx_word' id='word_1_418' title='bbox 1255 4642 1328 4684; x_wconf 80' lang='lat' dir='ltr'><em>mere</em></span> <span class='ocrx_word' id='word_1_419' title='bbox 1350 4629 1593 4693; x_wconf 90' lang='lat' dir='ltr'><em>lucubrationes</em></span> 
     </span>
     <span class='ocr_line' id='line_1_40' title="bbox 280 4723 1592 4807; baseline 0.002 -16"><span class='ocrx_word' id='word_1_420' title='bbox 280 4750 368 4807; x_wconf 89' lang='lat' dir='ltr'><em>qnam</em></span> <span class='ocrx_word' id='word_1_421' title='bbox 396 4748 453 4790; x_wconf 92' lang='lat' dir='ltr'><em>non</em></span> <span class='ocrx_word' id='word_1_422' title='bbox 475 4728 640 4801; x_wconf 83' lang='lat' dir='ltr'><em>nulqaraer</em></span> <span class='ocrx_word' id='word_1_423' title='bbox 661 4724 830 4782; x_wconf 90' lang='lat' dir='ltr'><em>adamarim</em></span> <span class='ocrx_word' id='word_1_424' title='bbox 853 4723 1002 4793; x_wconf 80' lang='lat' dir='ltr'><em>inqenium</em></span> <span class='ocrx_word' id='word_1_425' title='bbox 1023 4732 1051 4779; x_wconf 92' lang='lat' dir='ltr'><em>et</em></span> <span class='ocrx_word' id='word_1_426' title='bbox 1073 4737 1175 4780; x_wconf 90' lang='lat' dir='ltr'><em>aenam</em></span> <span class='ocrx_word' id='word_1_427' title='bbox 1199 4724 1335 4785; x_wconf 88' lang='lat' dir='ltr'><em>Hnlteui:</em></span> <span class='ocrx_word' id='word_1_428' title='bbox 1369 4746 1443 4788; x_wconf 89' lang='lat' dir='ltr'><em>nam</em></span> <span class='ocrx_word' id='word_1_429' title='bbox 1470 4735 1592 4795; x_wconf 92' lang='lat' dir='ltr'><em>immo-</em></span> 
     </span>
    </p>
   </div>
   <div class='ocr_carea' id='block_1_3' title="bbox 280 4917 1592 5074">
    <p class='ocr_par' dir='ltr' id='par_1_5' title="bbox 280 4917 1592 5074">
     <span class='ocr_line' id='line_1_41' title="bbox 348 4917 1592 5005; baseline 0.006 -25"><span class='ocrx_word' id='word_1_430' title='bbox 348 4931 368 4962; x_wconf 76' lang='lat'><em>¹⁸</em></span> <span class='ocrx_word' id='word_1_431' title='bbox 387 4933 470 4980; x_wconf 82' lang='lat' dir='ltr'><em>missa</em></span> <span class='ocrx_word' id='word_1_432' title='bbox 526 4927 621 4992; x_wconf 76' lang='lat' dir='ltr'><em>quacet</em></span> <span class='ocrx_word' id='word_1_433' title='bbox 638 4925 707 4972; x_wconf 82' lang='lat' dir='ltr'><em>omis.</em></span> <span class='ocrx_word' id='word_1_434' title='bbox 722 4925 800 4972; x_wconf 78' lang='lat' dir='ltr'><em>Stalz.</em></span> <span class='ocrx_word' id='word_1_435' title='bbox 882 4919 903 4952; x_wconf 72' lang='lat'><em>¹⁸</em></span> <span class='ocrx_word' id='word_1_436' title='bbox 921 4917 1015 4983; x_wconf 68' lang='lat' dir='ltr'><em>scria]</em></span> <span class='ocrx_word' id='word_1_437' title='bbox 1036 4920 1071 4968; x_wconf 87' lang='lat' dir='ltr'><em>cf.</em></span> <span class='ocrx_word' id='word_1_438' title='bbox 1086 4922 1196 4985; x_wconf 77' lang='lat' dir='ltr'><em>Expost,</em></span> <span class='ocrx_word' id='word_1_439' title='bbox 1211 4924 1300 4983; x_wconf 75' lang='lat'><em>§.2¹35.</em></span> <span class='ocrx_word' id='word_1_440' title='bbox 1382 4928 1406 4960; x_wconf 85' lang='lat'><em>³²</em></span> <span class='ocrx_word' id='word_1_441' title='bbox 1427 4936 1592 5005; x_wconf 75' lang='lat' dir='ltr'><em>cognatus]</em></span> 
     </span>
     <span class='ocr_line' id='line_1_42' title="bbox 280 5007 841 5074; baseline -0.016 -11"><span class='ocrx_word' id='word_1_442' title='bbox 280 5016 420 5063; x_wconf 82' lang='lat' dir='ltr'><em>Erasmicc</em></span> <span class='ocrx_word' id='word_1_443' title='bbox 439 5014 490 5063; x_wconf 88' lang='lat' dir='ltr'><em>hoc</em></span> <span class='ocrx_word' id='word_1_444' title='bbox 508 5008 685 5074; x_wconf 78' lang='lat' dir='ltr'><em>interpretari</em></span> <span class='ocrx_word' id='word_1_445' title='bbox 703 5007 841 5056; x_wconf 79' lang='lat' dir='ltr'><em>debemus.</em></span> 
     </span>
    </p>
   </div>
   <div class='ocr_carea' id='block_1_4' title="bbox 0 0 1980 6034">
    <p class='ocr_par' dir='ltr' id='par_1_6' title="bbox 0 0 1980 6034">
     <span class='ocr_line' id='line_1_43' title="bbox 0 0 1980 6034; baseline 0 0"><span class='ocrx_word' id='word_1_446' title='bbox 0 0 1980 6034; x_wconf 95' lang='lat' dir='ltr'><em> </em></span> 
     </span>
    </p>
   </div>
  </div>
 </body>
</html>
