3934 6034
434 685 507 754 270
606 699 802 750 cccxxxlll.
817 715 935 749 seoaasn
948 714 1051 749 suasus
1065 715 1206 750 nnvsusvs
1220 715 1391 750 nsrsuosass
1405 716 1537 751 narrans.

432 880 491 929 tute
509 878 651 946 perpetuo
666 878 763 946 posset
787 874 837 930 uti.
881 866 958 929 *sed
977 872 1064 930 iidem
1086 874 1137 945 qui
1154 872 1360 946 permittebant
1378 872 1548 946 hospitium,
1566 872 1713 931 admone-

431 974 515 1043 bant,
537 980 713 1047 temperaret
734 989 753 1030 a
775 973 867 1030 uerbis
886 973 965 1031 unde
986 977 1123 1031 tsrrrulltns
1144 975 1260 1046 aliquid
1279 957 1364 1033 nasci
1378 982 1490 1048 posset,
1512 975 1713 1033 multominus

424 1075 627 1150 approbaturi
643 1078 715 1133 telles
736 1076 857 1133 libellos.
903 1076 1007 1133 l'erum
1027 1078 1105 1149 siqui
1121 1083 1190 1134 sunt
1207 1092 1278 1150 quos
1296 1093 1353 1135 non
1371 1077 1566 1149 aronnaco
1588 1076 1712 1144 inuidia,

429 1179 593 1236 cuiusmodi
611 1184 680 1235 sunl
694 1180 779 1236 mulli
798 1179 889 1249 ipnoti
910 1185 962 1235 aut
983 1185 1042 1235 tam
1062 1186 1192 1251 polentes
1213 1186 1244 1236 ul
1262 1181 1375 1253 possint
1394 1186 1591 1249 contemnere,
1614 1173 1713 1252 *quid

432 1281 486 1338 lroc
507 1281 550 1339 ad
569 1297 629 1349 me,
657 1281 710 1352 qui
729 1282 780 1337 cin
800 1279 921 1337 subsisto
939 1279 1082 1338 adaersas
1102 1281 1257 1351 inuuidiam,
1282 1297 1337 1338 nec
1357 1281 1448 1340 lierbea
1470 1297 1527 1354 qao
1546 1296 1592 1338 me
1612 1287 1709 1349 tuear,
1730 1297 1741 1336 s

362 1384 490 1443 §.annisi
508 1384 599 1440 solam
618 1377 836 1440 innocentiam?
867 1381 985 1439 Desinet
1002 1389 1097 1440 aulem
1123 1384 1230 1441 mirari
1250 1399 1295 1441 me
1316 1385 1460 1441 tantillum
1482 1389 1611 1441 metuere
1629 1383 1711 1440 inri-

431 1485 523 1555 diam,
551 1499 610 1556 qna
631 1486 715 1543 nulla
732 1486 823 1558 pestis
845 1487 1002 1553 nocentior,
1032 1487 1084 1557 qui
1098 1486 1307 1559 perpenderit,
1330 1487 1409 1559 quad
1427 1486 1615 1543 *icardinalis
1637 1484 1710 1542 Mo-

427 1588 567 1658 puntinus
585 1587 702 1660 pridem
718 1586 874 1645 Haltenam
896 1604 912 1644 e
930 1603 985 1644 saa
1005 1584 1126 1657 familia
1147 1588 1302 1658 dimiserit,
1326 1604 1382 1645 non
1402 1588 1437 1646 ob
1458 1587 1543 1647 aliud
1559 1588 1618 1645 nisi
1630 1587 1712 1659 quod

429 1691 518 1747 nollet
541 1704 598 1761 per
624 1689 705 1745 illum
734 1690 846 1747 inridin
872 1689 1044 1762 depravari.
1087 1689 1285 1748 ‘'⁵²Franciscus
1307 1688 1481 1764 chbersius,
1510 1706 1567 1763 quo
1588 1691 1710 1747 consilio

429 1790 538 1849 dimisit
555 1790 713 1848 blattarum
740 1792 778 1849 ob
797 1808 872 1862 sese,
897 1794 954 1849 nisi
974 1794 1045 1865 qnia
1066 1793 1172 1850 uitabat
1190 1789 1354 1851 inuidiam?
1385 1787 1466 1861 *Oui
1484 1790 1611 1850 Hutleno
1631 1807 1709 1849 son·
1722 1808 1745 1847 a

427 1895 518 1966 quine
543 1894 771 1951 coniunctissimi
794 1899 873 1964 strat,
905 1911 982 1967 quur
1002 1896 1116 1952 malunt
1135 1896 1217 1953 illum
1239 1895 1339 1953 abesse
1360 1910 1380 1952 a
1398 1894 1626 1968 possessionibus
1645 1910 1709 1967 pa-

430 1997 535 2066 ternis,
564 1996 623 2053 nisi
642 1996 722 2068 qaod
741 2002 870 2054 metuunt
890 1992 1055 2055 inuidiam?
1086 1996 1245 2055 Herceum
1273 1999 1348 2055 nulli
1370 1999 1428 2055 sint
1456 1996 1596 2067 obscuro,
1628 1998 1709 2053 solus

362 2109 418 2159 §.sn
431 2097 572 2154 Erasmus
591 2099 689 2155 metuit
702 2098 852 2156 irmidiam.
887 2097 960 2156 ‘Non
978 2101 1106 2172 oportuit
1124 2102 1270 2158 contemni
1289 2115 1372 2172 quem
1394 2116 1479 2171 repes
1497 2113 1535 2156 oc
1554 2098 1709 2171 principes

428 2200 545 2273 diqnali
562 2205 630 2257 suat
650 2202 777 2272 alloquia
799 2198 869 2259 saa!
911 2201 968 2259 Per
990 2217 1035 2258 rne
1056 2218 1129 2259 sune
1150 2219 1207 2260 non
1228 2204 1376 2260 minuetur
1402 2204 1539 2259 maiestas
1558 2197 1711 2257 Hartlenici

428 2303 561 2360 nominis.
612 2302 665 2359 sed
690 2318 747 2360 non
772 2305 928 2361 contemnit
951 2306 1003 2376 qui
1029 2304 1160 2362 declinat
1185 2304 1340 2374 inuidiam,
1370 2304 1428 2360 nisi
1450 2301 1531 2373 sorte
1556 2308 1743 2360 contemnam

426 2419 524 2477 reqem
551 2404 700 2462 Gallorum
728 2406 780 2477 qai
804 2421 850 2464 me
869 2405 997 2478 cupidas
1018 2406 1157 2480 cupidam
1179 2413 1330 2481 aspectat,
1358 2412 1387 2463 et
1406 2404 1588 2462 adsalutem
1611 2420 1707 2461 meam

424 2506 590 2581 pertinebat
607 2522 668 2563 esse
690 2508 720 2563 in
742 2507 850 2565 Gallia.
893 2514 922 2566 et
938 2515 1034 2566 tamen
1057 2508 1185 2566 abstinui
1204 2515 1333 2566 metuens
1355 2507 1508 2573 inuidiam,
1530 2507 1610 2580 qaod
1630 2508 1708 2564 inter

360 2628 416 2679 §.ss
428 2611 509 2668 illum
531 2615 559 2667 et
581 2608 726 2666 Casuram
755 2609 883 2667 nondam
904 2614 976 2668 satis
999 2613 1161 2672 couniuntur.
1207 2611 1298 2680 Oarrm
1320 2626 1409 2667 essem
1422 2610 1562 2683 proxime
1583 2606 1707 2680 Brnqis,

430 2712 592 2769 detrectari
608 2713 780 2784 colloquium
801 2714 879 2785 repis
900 2714 1054 2771 canadam
1077 2716 1201 2771 (cenantis
1222 2715 1291 2782 mei,
1311 2728 1369 2770 non
1384 2712 1464 2785 quad
1482 2718 1706 2776 contemnerem,

428 2808 505 2871 *sed
532 2814 612 2887 quod
638 2814 707 2871 inde
733 2820 886 2873 metuerem
915 2816 1056 2873 inuidiam
1083 2833 1102 2872 a
1131 2814 1375 2885 Romanensibus,
1405 2829 1492 2886 quum
1520 2822 1617 2870 tamen
1646 2828 1742 2870 noum

359 2919 510 2991 §.superni
523 2931 651 2989 prorsus
668 2915 809 2988 effupere.
855 2919 948 2990 Atque
969 2920 1080 2975 retinam
1108 2917 1251 2976 liuttenns
1278 2919 1326 3004 itn'
1345 2923 1534 2991 temperasset
1554 2930 1610 2972 saa
1630 2930 1703 2972 eon-

425 3021 507 3090 silia,
528 3020 572 3076 ati
589 3018 831 3091 quemadmodum
851 3027 911 3077 tum
929 3029 1062 3094 respectu
1080 3022 1226 3095 principis
1246 3022 1304 3092 sni,
1324 3021 1408 3077 cuins
1424 3020 1575 3090 aepocinm
1590 3017 1706 3089 opobat,

426 3122 584 3193 honorilice
605 3127 743 3195 acceptas
768 3129 811 3180 ast
833 3123 918 3197 opud
940 3123 1056 3181 Gallos.-
1086 3126 1150 3181 *ita
1169 3128 1248 3181 n'nac
1268 3138 1381 3195 quoque
1406 3123 1482 3178 iuter
1502 3135 1624 3192 merprnos
1647 3120 1706 3177 lm-

358 3225 543 3292 §.moeretur
558 3226 707 3296 protiosus
728 3229 880 3297 possetque
901 3225 938 3283 ab
958 3226 1089 3284 omnibus
1109 3228 1185 3284 citra
1207 3224 1347 3282 iamdium
1367 3224 1467 3281 amari
1478 3217 1600 3295 colique.
1638 3221 1705 3279 Iam

425 3339 493 3385 aero
519 3327 592 3384 mibi
616 3326 681 3383 ride
708 3341 796 3399 quam
819 3327 948 3385 odiosam
975 3344 1095 3387 causam
1121 3329 1347 3387 comminiscitur
1375 3327 1527 3383 detrectali
1553 3324 1740 3395 colloquiisns

424 3426 531 3487 *dieas
561 3432 683 3501 equitem
708 3445 770 3487 csse
796 3437 897 3487 tratrem
922 3446 979 3488 non
1007 3430 1049 3487 od
1074 3430 1277 3503 equitandum,
1307 3429 1361 3485 sed
1382 3428 1426 3484 ud
1445 3425 1705 3484 calumniandum:

423 3531 548 3589 sciebam
570 3532 679 3605 ipsum,
708 3537 739 3589 ut
760 3533 815 3602 ait,
848 3531 985 3604 quodam
1012 3548 1123 3591 mecam
1144 3534 1413 3606 enprostalatnrum,
1444 3537 1531 3602 atque
1548 3528 1614 3585 ideo
1632 3528 1707 3585 mibi

337 3672 341 3682 „
423 3637 500 3691 mole
520 3635 653 3691 conscius
670 3633 838 3706 supilabam
862 3635 940 3692 illias
961 3638 1129 3709 alloquium.
1173 3633 1255 3691 l'ade
1277 3632 1395 3690 tandem
1415 3634 1470 3689 ista
1494 3647 1568 3688 nouo
1583 3630 1707 3688 Hntteni

424 3736 580 3807 autoritas,
607 3743 639 3793 at
657 3738 739 3794 illam
763 3739 1009 3810 espostulantcm,
1031 3754 1122 3795 senen
1143 3739 1272 3795 iuvenem
1294 3737 1437 3793 smstinere
1458 3750 1514 3791 nan
1532 3730 1705 3807 potuerim?

355 3858 413 3907 aa.
424 3837 503 3895 irride
526 3844 645 3911 repenle
666 3854 705 3896 en
722 3838 848 3898 Hutleno
868 3838 970 3910 factrus
988 3846 1031 3898 est
1049 3839 1120 3897 Cato
1139 3835 1311 3898 censorius?
1339 3837 1417 3895 Solet
1436 3838 1503 3894 olim
1523 3851 1635 3894 meeum
1654 3838 1739 3893 lo-so

423 3956 514 4013 quens
533 3947 712 3998 reverentem
726 3942 875 4014 quandum
898 3943 1067 4001 modestiam
1082 3959 1151 4016 prce
1169 3960 1199 4000 se
1217 3941 1317 4013 serre,
1340 3956 1407 4014 quce
1419 3946 1499 3997 certe
1514 3940 1609 4011 manis
1622 3940 1703 3995 illins
1780 4005 1782 4007 ,

423 4042 543 4100 decebat
566 4049 679 4100 (etalem
707 4059 795 4116 quum
823 4047 878 4102 isla
907 4047 1017 4117 linquae
1040 4046 1206 4118 calamique
1229 4045 1402 4118 petulantia.
1445 4040 1507 4099 Sed
1527 4040 1606 4098 nuntie
1626 4056 1703 4097 con-

354 4149 531 4209 §.iniectare
548 4146 646 4219 patui,
667 4146 746 4218 quod
761 4147 881 4205 ludarel
896 4147 1013 4220 aliquid
1032 4147 1111 4220 qaod
1129 4162 1239 4203 aueum
1261 4147 1345 4204 evellet
1365 4139 1576 4218 expostulare?
1607 4142 1701 4212 (inuam

421 4256 495 4307 esset
514 4248 667 4306 Stetstodii
686 4246 733 4326 (nt
752 4250 853 4307 scribit
871 4252 900 4306 ia
925 4251 987 4307 sais
1008 4249 1051 4305 ad
1070 4264 1116 4306 me
1134 4246 1257 4328 literis),
1281 4248 1406 4306 dederat
1425 4247 1479 4304 bac
1499 4247 1529 4304 in
1551 4245 1702 4303 mundatis

423 4350 517 4408 Beato
531 4350 688 4421 bibenano,
710 4358 742 4409 at
756 4353 830 4410 milei
847 4354 1030 4425 siqnipcarel
1050 4367 1113 4410 esse
1133 4352 1213 4424 quod
1229 4353 1259 4409 in
1281 4366 1326 4409 me
1347 4349 1531 4408 desideraret
1544 4348 1736 4406 Hellenas

421 4522 620 4531 ψ...-

500 4624 569 4674 ⁹Do
588 4625 736 4674 Prasmisoo
756 4624 897 4690 Sickingio
926 4631 953 4674 ct
980 4625 1112 4675 iratribus
1134 4624 1250 4673 Humani
1274 4622 1443 4671 nnsnnlnaiam
1467 4620 1535 4670 dicit
1559 4621 1698 4675 Erasmus,

419 4715 450 4757 ut
468 4710 604 4759 sexcentis
624 4709 686 4758 aliis
704 4710 784 4758 larius
803 4710 929 4775 Spongia.
948 4709 1025 4760 loeis.
1077 4708 1097 4741 ¹³
1116 4710 1175 4757 Non
1229 4706 1287 4772 suso]
1307 4708 1349 4756 (fs.
1364 4707 1472 4755 ‹smnsina
1486 4707 1596 4769 Expost.
1609 4708 1648 4765 ἕξ.
1660 4706 1698 4754 ln.
1728 4748 1731 4755 .

420 4793 557 4844 2‘2.45.b‘2.
628 4793 648 4825 ¹⁰
666 4794 841 4859 Cs.suprap.
858 4794 966 4859 ll'18.sq,
1037 4794 1057 4826 ¹⁹
1076 4792 1158 4858 regis]
1180 4796 1313 4842 Ilnrnrnnan.
1381 4788 1403 4822 ²²
1430 4791 1473 4839 Cf.
1493 4790 1580 4839 val.I.
1600 4808 1624 4855 p.
1642 4790 1698 4840 lui.

420 4898 444 4928 v.
461 4879 497 4929 ΙΙ.
518 4897 542 4944 p.
555 4879 607 4928 171.
626 4880 649 4938 ξ.
661 4879 685 4927 ¹2.
721 4877 742 4909 ³⁴
760 4879 859 4945 litoris]
879 4896 927 4929 non
945 4880 1109 4930 enatantibus.
1152 4878 1174 4909 ³⁵
1186 4878 1361 4944 Significavit
1374 4878 1456 4926 elium
1470 4877 1539 4925 satis
1553 4881 1649 4939 aperte
1664 4876 1699 4925 nd

419 4966 656 5029 ipsnmErasmusn
670 4965 781 5029 scriptis
795 4964 1135 5030 epist11lisss.caxxxtv.
1150 4970 1176 5012 et
1196 4964 1248 5013 CC.
1268 4979 1351 5028 supra
1369 4963 1503 5026 repetitis.
1528 4959 1700 5011 Cantnverat

420 5050 471 5098 tibi
490 5050 579 5111 tibiis,
600 5052 726 5111 Erasme,
751 5050 798 5099 sed
817 5066 870 5100 non
888 5050 1006 5100 sallusti.
