3934 6034
433 701 630 751 cccxxxffl.
646 715 765 751 seoumn
778 715 881 751 sunsm
894 716 1037 751 Aurenses
1051 714 1222 749 nseenomes
1236 714 1367 749 nuruum.
1466 684 1533 754 271

256 877 340 946 titani
362 873 472 932 Battus
494 873 657 932 Rberuueus
685 890 740 932 inec
765 873 882 930 verbum
913 876 1003 931 nidum
1028 875 1147 948 scripsit
1173 873 1285 931 adme
1311 888 1351 929 ee
1376 870 1539 938 Sietstadio,
1626 916 1630 926 .

256 994 311 1033 ner
332 977 390 1034 tua
411 992 560 1046 reuersus,
581 978 639 1033 inm
655 976 724 1033 bine
735 975 871 1049 praseeta
891 975 1030 1045 blatteum,
1048 977 1224 1047 sipriifieauit
1236 990 1364 1047 nuperum
1379 974 1435 1032 sibi
1444 973 1541 1045 fuisse

254 1080 429 1150 eattaquium
458 1094 523 1134 eum
545 1077 690 1143 liubana·
725 1094 778 1136 uec
805 1077 838 1135 id
863 1079 980 1135 amniuu
1002 1078 1090 1150 prim
1118 1079 1238 1148 resciri,
1267 1092 1355 1150 quiam
1381 1094 1421 1134 es
1449 1079 1540 1135 literis

255 1180 421 1238 Huttenicis
448 1196 522 1253 queas
550 1180 593 1237 ad
618 1197 663 1237 me
689 1180 770 1238 dedit
801 1196 841 1237 ese
862 1179 1029 1237 Mittbusia:
1067 1196 1119 1238 eas
1140 1181 1248 1252 tepenti
1269 1179 1342 1236 mibi
1362 1176 1443 1250 farte
1468 1178 1607 1250 sar-§.ts

233 1298 246 1333 τι
258 1291 330 1340 turm
353 1282 461 1339 reiterat
479 1282 727 1356 Eppbeudarpius
746 1288 774 1339 et
793 1280 922 1347 Beatus·
953 1298 1040 1354 quum
1061 1289 1175 1340 uentum
1196 1290 1269 1339 esset
1289 1281 1332 1337 att
1349 1297 1414 1338 eum
1436 1283 1541 1351 tarum,

261 1381 375 1442 ‘Iteute'
399 1387 518 1456 iniquam
541 1385 598 1442 ‘bie
619 1391 650 1441 tu
673 1386 787 1442 rasuris
809 1386 839 1442 in
864 1386 924 1456 ius,
955 1400 1029 1457 opus
1053 1390 1097 1442 est
1122 1384 1175 1441 tibi
1191 1380 1336 1456 patrand,
1351 1461 1353 1464 v
1366 1383 1407 1441 ibi
1430 1383 1542 1441 Beatus

260 1490 386 1559 iupenue
405 1485 508 1558 fassus
529 1497 571 1545 est
592 1487 625 1544 id
645 1488 725 1560 arrad
743 1503 792 1543 res
812 1492 892 1555 erat,
918 1501 949 1543 se
973 1486 1050 1545 nibil
1070 1503 1199 1560 unquam
1220 1488 1416 1557 siqnidrusse,
1440 1494 1468 1544 et
1487 1503 1542 1544 rur

259 1606 316 1646 tran
337 1588 471 1661 ferisset,
498 1592 640 1648 rationem
662 1589 805 1647 reddidit.
849 1605 886 1645 ue
904 1596 971 1661 past
990 1604 1047 1661 per
1067 1590 1162 1647 aeium
1183 1604 1245 1646 rem
1266 1603 1377 1645 amntem
1398 1591 1441 1646 sie
1461 1589 1609 1649 nabistni.

257 1693 415 1764 euptiritit,
446 1698 477 1748 nt
505 1708 627 1763 raperer
654 1691 702 1750 bie
728 1691 901 1749 desiderare
925 1692 1141 1764 simplieitatem
1169 1693 1252 1749 ittam
1279 1692 1482 1748 Germanicam
1511 1693 1539 1748 in

225 1792 401 1863 wltnuenn,
434 1794 486 1865 uui
511 1793 566 1851 ttae
592 1799 799 1866 nrpiimentum
825 1793 990 1851 ealliditate
1017 1795 1146 1867 quadam
1172 1792 1336 1865 affecturi,
1367 1800 1398 1851 ut
1424 1793 1544 1852 baberet

259 1913 316 1967 aiiii
337 1897 572 1954 calumniaretur
593 1912 686 1953 merim
705 1897 929 1954 cariseieutiam:
958 1912 1052 1968 nenne
1072 1897 1149 1954 euim
1169 1894 1264 1953 Beata
1283 1897 1439 1968 quicquum
1457 1913 1542 1954 sebr-

259 2014 323 2055 sum
346 2007 399 2055 aut
419 2000 496 2055 seria
518 1999 683 2069 rnnrrdauit,
705 2003 758 2054 nid
774 1997 916 2076 eiusmodi
934 1997 1015 2070 quad
1028 2014 1127 2071 aperie
1142 2000 1276 2072 precium
1296 2004 1371 2056 esset
1390 2014 1436 2055 me
1450 2000 1543 2064 seire;

258 2108 369 2157 territum
397 2100 529 2157 amitibus
554 2103 606 2173 qni
631 2101 759 2157 aderunt
784 2100 972 2158 audientibus
999 2099 1098 2157 aiebat
1123 2115 1168 2158 me
1196 2116 1253 2158 nan
1281 2100 1409 2173 perinde
1435 2099 1543 2172 sunere

258 2202 403 2271 Lutbern;
436 2204 470 2261 id
489 2202 739 2276 interpretabatur
761 2210 866 2260 aretum
885 2202 1056 2275 dicebatque
1077 2218 1108 2259 se
1128 2201 1200 2260 mibi
1213 2203 1343 2259 animum
1359 2202 1541 2261 additurum.

226 2305 304 2360 ude
323 2311 389 2377 pust
408 2306 516 2362 similia
537 2305 675 2378 quemdam
699 2306 852 2363 mandauit
880 2305 937 2374 itii,
964 2320 1053 2378 quum
1076 2292 1237 2379 putaretur
1257 2303 1408 2362 Basileum
1430 2308 1610 2378 repert-§.ts

259 2414 357 2476 turus,
390 2407 465 2465 nibit
492 2409 608 2465 interim
635 2408 774 2464 minitans
803 2412 855 2464 cnut
879 2409 970 2465 uticem
999 2408 1239 2478 siqnideatianem
1265 2407 1342 2464 dans
1363 2409 1424 2464 stiti
1444 2409 1473 2464 in
1497 2423 1543 2466 me
1578 2463 1580 2468 .

259 2509 396 2567 teeiieudi.
442 2509 485 2567 Ae
507 2527 544 2568 ne
565 2510 598 2567 id
616 2509 733 2582 uiridem
755 2524 884 2567 seorsum
908 2515 1004 2566 tretium
1022 2515 1078 2581 est,
1099 2510 1197 2568 sedin
1212 2510 1307 2567 medio
1320 2511 1442 2583 strepitu
1456 2511 1544 2569 simul

259 2612 417 2668 ridentium
449 2628 486 2669 ne
513 2613 686 2685 strepentium
714 2626 939 2682 emrperranum.
983 2607 1095 2685 *Atque
1119 2614 1234 2670 interim
1255 2612 1610 2682 barnarifieeutissimeun.

260 2713 297 2769 de
320 2729 365 2770 me
386 2715 565 2786 loquebatur,
595 2720 627 2771 ut
653 2712 781 2772 Beatum
808 2716 891 2772 nullu
915 2716 1045 2788 potuerit
1071 2714 1169 2773 subire
1193 2721 1362 2787 sequutura
1386 2716 1543 2787 trapiedioe

224 2817 396 2888 eosuspieia.
444 2815 558 2874 deinde
580 2831 668 2889 pretim
696 2818 818 2888 nepaeiu
845 2815 971 2873 Beatum
999 2816 1109 2873 diutius
1130 2824 1353 2886 remoraremur
1376 2818 1405 2873 in
1429 2820 1543 2890 patria,

260 2917 405 2975 Huttenus
424 2922 511 2991 qttrtsi
528 2920 658 2977 liberans
679 2920 759 2975 itturn
784 2917 933 2975 inundatis
954 2917 1097 2976 indicauit
1121 2936 1152 2976 se
1178 2935 1247 2976 max
1268 2917 1419 2975 Basiteam
1441 2920 1544 2978 ‹editu-

259 3036 324 3077 rnrn
347 3020 475 3093 mittique
492 3024 562 3094 ptus
582 3023 654 3078 satis
673 3022 839 3078 meticuloso
858 3019 1032 3078 additurum
1048 3022 1188 3079 animum.
1226 3022 1268 3079 itu
1283 3023 1446 3093 conquieuit
1458 3020 1544 3080 Beu-

260 3127 305 3179 tns
327 3123 401 3180 nibit
421 3125 576 3196 suspicans
596 3125 738 3181 oriturum
761 3124 843 3181 mali.
894 3138 948 3180 nea
966 3124 1111 3180 oriturum
1132 3130 1212 3193 erat,
1242 3124 1270 3180 si
1289 3125 1455 3196 eurstipisset
1478 3127 1611 3182 eal-§.tt-

259 3226 354 3297 leutii:
392 3219 509 3282 *decem
537 3224 631 3283 uerbis
657 3223 863 3296 satisfecissem
892 3224 1015 3284 llutteui
1035 3225 1194 3283 stamucba.
1241 3224 1324 3308 Certe
1344 3224 1456 3284 Beatus
1483 3229 1544 3285 ati-

225 3335 372 3399 muniunto
387 3334 453 3400 past
466 3343 601 3386 reuersus
616 3336 658 3385 est
673 3327 825 3387 Basiteam
840 3343 928 3400 unitim
942 3326 1013 3385 bine
1030 3327 1208 3386 discessisset
1221 3326 1374 3385 Huttenus.
1411 3328 1443 3386 Is
1457 3345 1545 3402 qiiiim

259 3430 456 3503 presentibus
483 3432 593 3502 antiquat
616 3432 732 3497 (enticis,
761 3445 885 3503 aerarum
908 3437 974 3487 erut
994 3429 1158 3489 Lodauieus
1180 3428 1292 3495 Besus,
1319 3445 1364 3488 nie
1391 3433 1544 3500 salutaret,

260 3532 386 3603 rupubnt
412 3533 554 3606 quomado
581 3532 654 3590 mibi
680 3535 847 3590 conueniret
874 3547 940 3589 eum
966 3531 1111 3600 Huttenb;
1138 3548 1309 3606 responsum
1336 3540 1379 3592 est
1405 3532 1545 3607 ‘optirne',·

260 3642 348 3707 utque
369 3637 410 3692 itu
432 3641 491 3692 tum
513 3634 586 3692 aiibi
602 3637 695 3707 ptume
712 3650 888 3709 persuasum
909 3641 984 3692 erat.
1021 3651 1140 3693 rursum
1159 3651 1247 3707 qurum
1266 3637 1371 3693 iterum
1393 3652 1438 3694 rne
1458 3639 1612 3695 salu-§.ts

261 3736 347 3794 taiadi
363 3738 465 3810 pratia
485 3739 677 3802 conuenisset,
702 3737 950 3813 Eppbeudarpius
972 3736 1105 3794 exbibuit
1122 3737 1244 3797 llutteni
1263 3739 1306 3795 ad
1322 3740 1417 3812 ipsum
1433 3741 1544 3809 literas,

225 3840 292 3896 sain
314 3839 418 3912 auribnus
439 3839 615 3906 rrrnridabat,
643 3840 815 3898 admoneret
841 3855 886 3897 me
914 3855 951 3896 ue
980 3840 1143 3897 insectarer
1167 3839 1342 3911 lutherum,
1373 3858 1404 3898 se
1429 3841 1546 3913 quidem

257 3942 419 4015 pttirimum
446 3940 554 4012 fauere
582 3942 667 4013 aiibi,
700 3950 839 4000 ceterum
868 3957 914 3999 me
941 3957 1000 3999 itan
1025 3956 1111 4013 passe
1139 3942 1203 4015 ipso
1230 3944 1274 3999 uti
1301 3946 1412 4013 amica,
1443 3944 1501 4001 nisi
1527 3959 1547 3999 a

259 4043 389 4102 Lutbera
409 4044 574 4117 impetenda
596 4050 801 4119 temperarem.
845 4059 933 4116 quum
955 4048 1051 4100 aretem
1074 4043 1107 4100 id
1126 4045 1265 4117 temporis
1286 4044 1361 4103 nibil
1381 4046 1477 4103 minus
1494 4060 1547 4103 ea-

257 4150 385 4219 piturem
406 4162 493 4218 perenm
517 4147 554 4203 de
575 4147 703 4204 Lutbera
727 4148 846 4220 seriptis
872 4146 1051 4220 impetendo,
1080 4146 1235 4204 uidebatur
1262 4147 1339 4205 inter
1360 4163 1412 4204 nas
1436 4145 1546 4218 sutura

261 4249 470 4318 trrmuuittitas.
517 4248 610 4318 Ostium
632 4250 716 4324 apud
737 4264 789 4306 rias
812 4248 887 4306 nibil
909 4250 1026 4306 interim
1049 4246 1124 4306 esset
1143 4256 1237 4305 artum
1262 4265 1345 4307 nauoe
1369 4251 1426 4321 rei,
1452 4251 1613 4323 paulas-ts.

227 4357 325 4423 aspin!
352 4349 493 4420 adfertur
520 4351 670 4409 barribitis
697 4352 822 4409 mincius
848 4350 1006 4408 Hnttenum
1034 4350 1218 4408 tiebementer
1247 4350 1396 4422 insensum
1419 4352 1548 4409 seribere

262 4454 291 4509 in
316 4451 484 4510 Erasmum.
528 4453 602 4511 Hoea
621 4454 757 4527 pluribus
780 4452 1036 4511 commemoranda
1058 4453 1148 4524 duni,
1178 4459 1210 4510 ut
1231 4455 1424 4527 perspicuum
1445 4456 1483 4512 sit
1503 4470 1549 4510 me

262 4572 316 4613 nee
337 4558 493 4628 uuicuumn
515 4558 682 4628 cenitavisse
701 4573 741 4615 eu
763 4555 870 4626 Beata,
900 4571 994 4628 neque
1013 4555 1051 4613 de
1072 4556 1171 4613 riuima
1191 4554 1314 4613 liutteui
1328 4554 1441 4627 offensu
1460 4558 1548 4629 quir-

262 4673 350 4730 quurn
369 4660 498 4732 potuisse
518 4662 676 4734 suspirari.
723 4658 787 4717 llos
809 4660 899 4730 ipitur
917 4655 1114 4728 sitrtdnmenta
1139 4656 1253 4715 subluto
1274 4660 1387 4715 eorrmt
1407 4658 1615 4730 quicqni'dsso.

262 4760 311 4817 bie
332 4762 490 4834 caiitmuiie
510 4763 685 4835 superstruit
705 4760 859 4818 lluttenus
898 4758 957 4817 Cur
979 4775 1037 4816 uon
1060 4759 1137 4817 idem
1159 4759 1224 4816 ban
1244 4760 1397 4817 mandauit
1417 4759 1466 4818 bia
1481 4759 1548 4834 Ep-

228 4864 447 4937 upbendarpia
473 4863 582 4922 delenti
606 4880 658 4922 suo
683 4863 763 4936 quad
792 4864 854 4921 ittie
881 4863 1044 4921 mandarat
1070 4857 1187 4919 Beato?
1222 4862 1259 4918 m
1284 4863 1334 4920 itte
1364 4864 1551 4920 renrmeinuit

266 4964 423 5022 liuttenum
448 4983 551 5023 serena
573 4968 790 5039 tranuniitaque
811 4971 873 5024 'esse
897 4968 927 5023 in
955 4981 1001 5023 me
1021 4966 1128 5023 rudmo.
1170 4963 1254 5034 (titod
1274 4964 1302 5022 si
1322 4980 1376 5036 epa
1396 4967 1547 5024 sensissem

266 5071 395 5126 animum
417 5067 553 5140 llutteni,
574 5084 658 5142 quem
679 5075 738 5126 tum
761 5084 830 5126 uere
850 5067 1003 5137 amabam,
1026 5068 1128 5141 aliqua
1148 5068 1314 5141 suspicione
1335 5068 1548 5139 exulceratum,
