3934 6034
481 703 611 754 cccvii.
627 718 726 752 arrasam
741 717 802 752 aor.
816 718 862 753 nn.
877 717 989 753 usserat
1004 717 1199 753 carmaniae.
1214 718 1240 751 n.
1256 710 1274 751 t.
1288 717 1368 751 amon.
1383 708 1441 750 15:¹³.
1531 683 1602 756 173

320 897 377 950 gart
402 879 427 932 in
458 877 537 937 orbc.
568 877 733 949 sermnisque
763 886 790 932 et
818 876 916 932 intimis
946 895 1026 951 ‹ptiann
1054 875 1342 933 commendatissimum
1365 875 1431 931 lieri.
1476 875 1602 931 nimirum

321 963 495 1035 respondebit
524 962 573 1017 boc
604 962 629 1017 in
658 963 751 1035 primis
778 963 913 1035 expedire.
958 966 1033 1030 tluur
1060 962 1144 1033 igitur
1167 961 1274 1035 qnidam
1297 962 1472 1034 indignantur
1493 960 1602 1016 Erasnm

321 1049 365 1122 qni
395 1049 460 1103 ditas
491 1065 534 1101 res
557 1046 637 1101 rellet
659 1047 753 1101 abesse
776 1065 789 1101 a
814 1047 889 1102 libris
912 1048 1021 1103 britlieri
1046 1066 1105 1120 quse
1129 1047 1299 1120 potissimum
1322 1055 1349 1102 et
1371 1046 1448 1101 sidem
1470 1045 1604 1118 abrogant

320 1143 346 1188 et
369 1133 463 1206 optimi
487 1133 617 1205 cuiusque.
641 1133 757 1187 animum
780 1131 911 1193 alienant,
940 1132 1104 1203 arrogantiae
1133 1133 1249 1205 spacioni
1271 1140 1298 1187 el
1321 1129 1532 1187 maledicentiam
1555 1130 1603 1185 im·

296 1218 467 1273 antoninam?
490 1227 517 1273 et
541 1227 629 1273 tamen
651 1216 708 1272 bae
732 1218 767 1271 ita
790 1226 853 1271 sunt
877 1218 1020 1290 insigniter
1043 1218 1197 1279 manifesta,
1221 1225 1250 1272 ut
1273 1217 1319 1290 qui
1342 1234 1421 1289 quam
1444 1215 1603 1271 amicissime

318 1304 478 1364 tlelcndtmt,
502 1320 555 1358 non
580 1302 694 1357 babeant
715 1302 833 1358 colorem
857 1320 936 1375 quern
959 1304 1096 1364 adferant,
1126 1302 1177 1357 nisi
1206 1302 1245 1357 sic
1272 1302 1465 1357 commeruisse
1494 1308 1600 1373 peccata

319 1397 423 1447 nostra,
449 1396 478 1442 nt
494 1406 542 1461 per
566 1397 618 1442 tam
640 1387 764 1443 acerbum
789 1387 990 1459 obiurgatorem
1014 1387 1202 1461 scorpionibus
1224 1388 1397 1443 crederemur.
1442 1386 1506 1441 mibi
1527 1389 1670 1440 certet-⁷³.

319 1475 434 1546 prinnnn
457 1473 567 1528 tantam
596 1473 722 1547 spiritum
751 1490 804 1527 non
836 1472 902 1527 nibil
931 1482 1086 1546 suspectum
1110 1472 1226 1527 reddidit
1249 1471 1293 1527 illa
1316 1472 1480 1545 scriptorum
1504 1470 1603 1526 ferocia

319 1568 345 1613 et
368 1576 500 1631 nusquam
523 1576 577 1612 non
600 1567 692 1631 prorata
715 1557 847 1617 comicia.
870 1575 919 1612 nee
942 1558 1036 1613 dubito
1059 1557 1125 1631 quin
1147 1556 1207 1611 aliis
1231 1556 1437 1630 quamplurimis
1460 1556 1528 1611 idem
1552 1573 1603 1611 usu

288 1644 423 1698 ttrerrerit
446 1644 518 1716 ‹ptrod
541 1643 613 1698 mibi.
659 1642 685 1697 Si
710 1642 818 1697 lmtbcri
842 1643 965 1698 doctrina
988 1650 1079 1698 sancta
1101 1650 1157 1703 est,
1181 1660 1262 1715 quam
1284 1641 1384 1697 multos
1406 1642 1495 1697 credis
1518 1640 1551 1695 ab
1572 1658 1603 1695 ea

319 1729 449 1783 alienatus
473 1748 505 1782 eo
529 1727 621 1782 libello
645 1745 698 1801 qno
722 1728 861 1801 respondit
884 1728 1034 1799 llnglornm
1057 1728 1129 1800 regi.
1154 1745 1208 1801 quo
1230 1728 1352 1801 principe
1375 1727 1416 1781 vix
1439 1726 1508 1782 alius
1524 1726 1603 1781 bodie

319 1815 380 1868 sirit
403 1814 528 1869 oniitibus
551 1813 634 1885 regiis
656 1813 766 1867 dotibus
788 1812 923 1873 ornatior.
957 1830 1006 1868 nec
1029 1813 1178 1868 alieniora
1203 1813 1357 1886 tyrannide.
1384 1829 1433 1868 nec
1455 1812 1605 1883 gratiosior

319 1899 388 1972 apud
411 1916 489 1953 snum
512 1897 655 1972 populum,
687 1915 736 1953 nee
767 1899 836 1971 apud
860 1916 938 1971 quma
962 1898 1040 1953 bena
1063 1897 1149 1952 literae
1171 1905 1198 1953 et
1221 1898 1329 1970 egregia
1353 1897 1438 1953 rirtus
1461 1897 1546 1969 magis
1569 1896 1604 1951 sit

320 1985 345 2037 in
362 1984 471 2056 precio?
495 1983 573 2039 liceat
596 1984 646 2038 boe
668 1983 736 2038 eitra
758 1983 920 2040 adulationis
944 1983 1126 2056 suspicionem
1150 1983 1244 2038 testari
1266 1983 1299 2038 de
1322 2000 1369 2042 co,
1392 2001 1407 2037 a
1430 1999 1483 2056 quo
1498 1998 1547 2036 nec
1562 1999 1604 2036 ac·

289 2070 392 2141 mripio
422 2069 563 2141 quicquam
593 2086 641 2123 nec
669 2069 772 2124 arabia:
806 2069 856 2124 boc
885 2077 958 2124 certe
987 2068 1080 2139 negari
1110 2085 1165 2123 non
1194 2076 1286 2142 potest
1316 2085 1407 2138 regam
1438 2067 1483 2141 pio
1513 2066 1671 2122 animabat.

320 2154 475 2226 scripsisse.
505 2161 531 2208 et
559 2153 648 2225 siquid
678 2153 856 2209 convitiorum
885 2153 1028 2209 admiscuit
1057 2154 1082 2209 in
1105 2154 1267 2214 lutherum.
1295 2161 1396 2226 praeter
1423 2169 1503 2225 quam
1532 2151 1604 2225 quod

321 2239 405 2311 ipsius
428 2237 578 2311 exemplum
600 2247 693 2310 posset
716 2247 881 2311 praetexere,
905 2240 1015 2312 scripsit
1033 2240 1057 2293 in
1075 2257 1134 2293 tetam
1151 2240 1178 2293 in
1194 2256 1273 2311 quem
1288 2255 1435 2312 persuasus
1449 2245 1508 2293 erat
1524 2236 1604 2310 longe

320 2323 454 2378 atrociora
476 2331 644 2396 conipctere;
668 2332 695 2377 et
718 2332 805 2378 tamen
829 2323 852 2378 si
875 2324 939 2398 quid
962 2325 989 2379 in
1012 2342 1044 2379 eo
1068 2323 1160 2378 libello
1183 2333 1225 2379 est
1246 2323 1376 2384 alienum,
1399 2322 1524 2397 suspicor
1544 2340 1605 2377 csse

320 2409 430 2463 dicteria
453 2408 574 2480 ‹prraedam
596 2408 742 2463 acerbiora.
787 2409 877 2483 itaque
900 2410 922 2463 si
946 2408 1081 2465 batlierus
1102 2407 1255 2464 collaudato
1278 2409 1323 2480 pie
1346 2410 1419 2481 regis
1441 2409 1532 2464 studio
1547 2424 1604 2463 rein

287 2493 416 2548 cosmidis
439 2492 606 2565 argumentis
629 2493 738 2548 lortiter
760 2494 926 2566 peregisset.
949 2511 1004 2549 non
1028 2493 1126 2548 violata
1149 2494 1223 2566 regia
1245 2493 1390 2564 dignitate.
1414 2494 1522 2555 rectius,
1547 2493 1605 2565 opi·

322 2596 384 2638 nor,
408 2577 590 2633 consuluisset
612 2595 667 2633 sme
689 2596 791 2639 causae,
813 2580 846 2633 de
869 2597 921 2652 qna
943 2596 1015 2633 nnnc
1037 2596 1098 2634 enm
1113 2578 1267 2634 Lntberano
1290 2578 1417 2651 quopiam
1438 2578 1549 2651 perinde
1565 2576 1605 2631 lo·

321 2681 388 2735 quar
410 2664 486 2735 qnasi
510 2664 544 2717 sit
568 2664 677 2736 «spatium.
723 2664 786 2736 qnid
808 2673 897 2719 antem
921 2663 1043 2718 inutilius
1067 2682 1146 2737 qnam
1169 2664 1309 2719 convitiari
1338 2664 1450 2718 snnnnis
1477 2662 1605 2735 principi·

321 2749 385 2809 bns,
414 2748 511 2821 quilius
542 2748 696 2803 facillimum
725 2758 767 2804 cst
789 2767 818 2803 ea
842 2758 1030 2809 contemnere,
1059 2758 1086 2804 et
1110 2750 1135 2803 in
1159 2757 1287 2822 promptu
1309 2756 1351 2803 est
1374 2748 1396 2803 si
1419 2747 1501 2803 libeat
1522 2735 1604 2802 ἅντι-

320 2830 504 2905 petractem.
548 2833 604 2905 Ego
628 2851 676 2888 nce
698 2851 789 2889 amore
811 2851 861 2889 rme
884 2834 945 2888 odio
968 2834 1126 2907 cuiusquam
1150 2832 1303 2889 mortalium
1325 2833 1413 2888 sciens
1435 2834 1545 2907 prodam
1561 2847 1672 2897 vas-§.aa

290 2932 312 2969 ts
325 2922 429 2974 ritatem
460 2918 655 2992 evangelicam:
684 2920 775 2974 lerunt
804 2919 955 2974 monarcbm
985 2918 1096 2974 liberam
1123 2918 1346 2979 admonitionem.
1376 2918 1531 2974 seditiosam
1559 2935 1606 2991 pa·

323 3003 462 3059 tnlantmm
494 3022 547 3059 non
576 3004 673 3059 lerunt.
719 3004 779 3059 llaec
808 3004 834 3058 in
862 3004 912 3059 boc
943 3012 1046 3059 tantum
1068 3004 1192 3066 dixerim,
1222 3011 1252 3059 ut
1274 3004 1445 3077 perspicuum
1468 3004 1503 3058 sit
1526 3020 1605 3076 quam

323 3107 370 3144 nm
393 3089 552 3144 lutheranis
574 3089 692 3144 dederim
717 3090 897 3150 occasionem.
922 3107 992 3163 quur
1014 3089 1041 3144 in
1065 3107 1106 3144 me
1129 3090 1225 3145 merito
1247 3090 1373 3150 saeviant:
1402 3106 1455 3144 non
1480 3088 1552 3162 quod
1574 3087 1606 3142 il·

323 3174 363 3228 los
387 3184 514 3235 metuam,
539 3174 562 3228 si
585 3191 634 3229 suo
657 3174 722 3229 vitio
746 3176 867 3230 serantur
890 3175 916 3230 in
940 3192 981 3228 me
998 3174 1104 3247 potins,
1129 3192 1207 3248 quam
1224 3192 1282 3230 mea
1297 3174 1389 3247 culpa.
1413 3174 1458 3229 sed
1475 3173 1547 3247 qnod
1563 3190 1605 3228 ve·

322 3259 368 3314 lim
389 3260 543 3332 aequitatem
566 3277 650 3314 rnemn
674 3260 797 3314 omnibns
820 3277 879 3314 esse
902 3259 1051 3332 probatam.
1096 3277 1156 3314 nam
1179 3258 1322 3333 provolant
1350 3260 1412 3313 binc
1438 3268 1519 3332 atquc
1542 3258 1605 3314 ltine

287 3355 312 3395 ao
323 3344 427 3417 aliquot
456 3343 579 3417 crustulae
607 3363 656 3400 ceu
679 3344 772 3400 velites
795 3345 886 3400 nescio
909 3345 972 3417 qnid
996 3345 1162 3407 minitantes,
1192 3353 1219 3400 et
1243 3345 1313 3400 inter
1335 3344 1382 3399 bas
1406 3362 1456 3399 una
1481 3361 1534 3399 non
1557 3361 1604 3417 pa·

323 3447 380 3484 rum
404 3431 510 3503 spirans
533 3430 640 3489 veneni,
664 3430 743 3484 etiam
766 3438 828 3484 ante
850 3437 991 3484 consertas
1014 3447 1116 3485 manus.
1161 3430 1212 3485 Sed
1235 3430 1278 3485 bie
1300 3430 1360 3485 volo
1384 3447 1490 3484 rursum
1514 3437 1543 3484 nt
1558 3429 1672 3483 adano.

323 3517 355 3569 sit
381 3516 444 3569 mibi
468 3515 636 3569 lutheranus
660 3513 721 3575 itte,
751 3533 829 3588 qnam
854 3523 881 3569 ut
905 3515 1052 3588 aequiorem
1074 3515 1163 3585 delegi
1186 3516 1298 3570 iudicem
1322 3515 1401 3570 buius
1423 3531 1519 3569 causae.
1564 3512 1605 3569 ln·

321 3600 447 3672 «lignandi
470 3618 558 3654 causae
580 3608 643 3654 sunt
666 3599 832 3655 lminsmodi:
861 3599 969 3654 videbar
998 3600 1024 3654 iu
1048 3600 1171 3673 epistolis
1194 3599 1290 3655 alicubi
1314 3600 1404 3655 nescio
1427 3600 1491 3673 quid
1514 3607 1606 3655 osten·

323 3693 379 3739 tare
402 3687 473 3757 spei,
502 3685 523 3738 si
553 3684 647 3740 liceret
676 3693 702 3739 et
731 3685 753 3738 si
781 3684 892 3739 daretur
919 3686 1006 3740 ocium
1035 3702 1076 3739 me
1099 3702 1153 3740 non
1175 3685 1330 3740 delaturum
1353 3683 1543 3757 tranquillitati
1566 3686 1605 3739 rei

288 3769 480 3824 astla-istianae
509 3778 535 3824 et
563 3770 689 3840 dignitati
718 3769 789 3824 sedis
816 3768 981 3843 apostoliea.
1028 3770 1091 3843 qnid
1127 3770 1182 3826 baec
1211 3770 1356 3843 promissio
1387 3770 1450 3824 lacit
1477 3769 1605 3825 atlversus

322 3854 487 3909 lmtberum‘?
517 3856 567 3909 Sed
597 3856 700 3926 lingant
726 3872 768 3908 mc
792 3855 933 3927 scripsisse
955 3856 1048 3910 nescio
1071 3854 1134 3928 quid
1157 3856 1284 3910 adversus
1307 3853 1396 3916 illum.
1426 3855 1498 3928 quod
1521 3856 1606 3910 adbuc

322 3955 385 3993 sanc
407 3956 498 3993 rerum
521 3956 575 3994 non
598 3949 652 3998 est.
682 3957 764 4012 quum
792 3946 867 3995 totus
890 3939 963 3995 erbis
987 3939 1060 3995 ultro
1083 3949 1161 3995 acuat
1182 3939 1275 3995 stilum
1298 3941 1325 3994 in
1347 3939 1438 4002 illum,
1467 3958 1538 4013 quur
1560 3940 1605 3994 uni

322 4024 384 4078 mibi
414 4024 601 4095 indignentur,
632 4025 653 4079 si
684 4043 725 4080 me
753 4042 932 4081 commoveam
962 4026 1051 4080 iussus
1074 4025 1106 4081 ab
1130 4026 1171 4079 bis
1194 4025 1291 4099 quibus
1314 4026 1354 4080 tia
1377 4032 1466 4080 tutum
1488 4032 1529 4080 est
1552 4042 1606 4080 non

322 4109 452 4181 obsequi?
482 4109 531 4163 Sed
555 4108 620 4164 illud
643 4109 707 4165 inibi
730 4110 859 4166 concedet
882 4111 980 4183 opinor
1001 4110 1080 4166 iudex
1101 4129 1189 4173 lateus,
1219 4110 1366 4165 bntlrernm
1389 4128 1444 4166 uon
1467 4128 1526 4166 esse
1550 4119 1672 4180 tempu,

287 4205 447 4267 aopemcrsc
470 4194 605 4267 iniquum,
636 4202 667 4249 ut
690 4212 771 4268 quum
796 4196 925 4268 ipse'sibi
955 4196 1094 4269 permittat
1123 4213 1178 4251 non
1206 4195 1294 4250 solum
1316 4195 1350 4251 ab
1372 4194 1604 4251 omnibus-ecclc·

321 4280 367 4333 siae
389 4279 547 4334 electoribus
568 4280 727 4341 dissentire,
751 4298 841 4335 rerum
863 4281 943 4335 etiam
958 4299 972 4334 a
988 4281 1163 4336 conciliorum
1179 4281 1308 4339 decretis.
1333 4281 1490 4353 indignetur
1504 4281 1527 4335 si
1543 4280 1603 4353 quis

320 4363 416 4418 alicubi
440 4364 555 4436 abipso
577 4365 735 4426 dissentiat,
759 4382 842 4439 seque
864 4364 958 4420 laesum
981 4366 1116 4420 existimet
1138 4367 1160 4420 si
1184 4367 1245 4438 qais
1268 4384 1282 4420 a
1304 4366 1429 4421 convitiis
1452 4373 1605 4438 temperans

321 4466 456 4503 sacrarum
480 4448 618 4503 literarum
643 4450 819 4510 testimoniis,
843 4450 940 4524 quibus
964 4449 1009 4505 ille
1033 4450 1127 4505 tribuit
1150 4450 1309 4523 plurimum.
1333 4468 1363 4506 ac
1386 4450 1479 4505 solidis
1496 4451 1605 4505 rationi·

322 4534 371 4587 bns
394 4534 512 4606 inquirat
537 4535 691 4589 veritatem:
720 4552 780 4589 nam
810 4535 861 4589 buc
884 4536 941 4607 ipse
964 4542 1094 4607 provocat
1117 4553 1227 4594 omnes,
1257 4554 1305 4590 nec
1327 4535 1380 4590 alio
1404 4544 1530 4609 provocat
1554 4535 1606 4590 llo·

287 4631 414 4674 tertianus
437 4619 573 4692 pontifex.
604 4638 682 4692 qnam
710 4628 738 4674 ut
760 4620 895 4675 Lntberns
919 4619 1012 4674 solidis
1035 4620 1186 4676 rationibus
1209 4640 1238 4676 ac
1261 4639 1343 4676 sacrae
1366 4621 1507 4694 scripturae
1530 4621 1606 4675 testi·

320 4734 525 4743 ——-———

388 4803 452 4850 ⁷t't'.
469 4803 518 4854 ΙΙΙ.
533 4804 601 4867 lteg.
615 4803 676 4852 xlt.
694 4802 732 4851 ll.
751 4802 788 4851 ll.
827 4803 861 4851 11.
878 4802 968 4851 Paral.
982 4804 1015 4852 X.
1031 4802 1070 4853 ll.
1087 4803 1125 4852 ll.
1175 4803 1191 4835 ¹¹
1207 4819 1259 4869 qno
1272 4820 1311 4870 pr.
1324 4802 1384 4869 stra]
1399 4805 1512 4853 bucinat
1527 4806 1606 4854 Eras-

322 4889 401 4936 mice.
473 4886 492 4918 ¹⁹
512 4904 576 4950 rege
598 4891 620 4937 1.
685 4885 707 4918 ²²
726 4888 883 4936 Conriciari
898 4889 1069 4952 principibus
1084 4890 1162 4949 rude,
1183 4906 1229 4938 eos
1243 4889 1349 4937 adulari
1369 4887 1416 4953 [es.
1430 4891 1445 4948 ἕ
1457 4888 1509 4953 lb]
1530 4892 1605 4940 carri-

321 4989 397 5030 rmm;
416 4974 463 5021 scd
478 4972 543 5020 illud
562 4989 628 5021 sane
642 4972 739 5021 imrtile
754 4978 809 5027 est.
830 4973 880 5020 boo
895 4986 958 5021 tero
972 4980 1154 5038 quaestuosum
1168 4989 1377 5038 nonnumquam.
1430 4973 1482 5005 ’³²‘
1500 4964 1605 5041 eiecta]

322 5067 417 5106 contra
436 5058 613 5107 subsannare.
666 5057 688 5089 ²⁷
707 5058 885 5107 lantbcrianis
904 5059 929 5107 1.
