3934 6034
513 702 722 754 cccxxxxll.
742 715 827 752 vanu
841 717 869 751 ra
883 716 1035 752 averanus
1049 716 1247 751 aeroasunara
1261 717 1295 749 ar
1309 713 1468 749 assensere.

551 877 668 949 inperio
687 877 848 947 dextraque
865 882 980 946 potens,
1002 876 1068 929 diem
1092 875 1148 929 oita
1170 875 1310 941 marcebat,

481 979 493 1019 s
599 962 748 1017 Musarum
770 962 855 1016 simui
876 968 903 1015 et
921 959 1026 1015 Martis
1045 960 1178 1014 ‹stamnus
1197 975 1287 1014 erum.

552 1047 650 1103 Cacsar
671 1047 819 1117 Apollinea
840 1047 932 1100 einait
954 1060 1016 1098 mea
1037 1052 1166 1115 tempora
1185 1045 1278 1108 lauro,

618 1132 696 1188 Idem
715 1148 772 1201 pro
795 1132 902 1186 meritis
923 1144 1023 1185 nomen
1043 1136 1173 1200 equestre
1194 1130 1278 1185 dedit.

556 1217 637 1289 Soepe
662 1218 748 1272 bonos
770 1222 882 1271 nrutare
905 1217 994 1270 solum
1018 1215 1148 1271 Fortuna
1169 1215 1267 1286 coepit,

490 1320 514 1359 tt
619 1300 726 1373 Mapna
748 1302 850 1372 quibus
868 1301 969 1371 patria
989 1316 1074 1370 poena
1096 1313 1198 1354 carcre
1217 1297 1290 1369 fait:

552 1389 602 1441 Ast
625 1402 686 1441 mea
713 1403 768 1441 nou
791 1386 846 1441 aiio
868 1392 977 1440 tantum
1002 1399 1032 1440 se
1052 1387 1139 1439 iactat
1160 1386 1275 1439 ciurana

620 1472 763 1536 Francia,
786 1486 838 1526 nee
861 1472 968 1525 meritis
989 1476 1031 1525 est
1052 1471 1124 1524 mate
1144 1476 1230 1540 prata
1252 1472 1328 1525 meis¹

553 1558 645 1628 Aeper
667 1558 706 1610 ad
723 1556 776 1610 isac
800 1557 862 1611 uerti
878 1557 989 1627 tepatus
1011 1553 1231 1622 accensores,

493 1659 517 1697 so
625 1642 691 1696 Cum
716 1656 758 1695 me
783 1656 860 1696 mora
879 1642 951 1695 alias
972 1642 1053 1695 iussit
1074 1641 1148 1693 intre
1173 1641 1242 1695 vias.

554 1729 626 1782 Ante
647 1727 804 1797 sepulturae
826 1727 947 1781 serviret
967 1732 999 1780 ut
1021 1726 1143 1796 amputas
1160 1727 1211 1779 iste

622 1811 711 1878 Oetam
734 1825 863 1866 morerer
884 1811 967 1866 sociis
988 1813 1066 1865 iussa
1088 1825 1223 1880 suprema
1242 1811 1320 1869 dedi:

556 1898 685 1951 Assiduae
708 1896 755 1951 ubi
776 1910 819 1949 me
840 1897 971 1968 luperent
992 1896 1155 1966 planctibus
1180 1896 1273 1961 unda,

493 1999 518 2036 ro
624 1982 662 2035 Et
680 1986 826 2053 pemerent
844 1982 938 2051 plenis
959 1982 1041 2052 riona
1064 1978 1165 2050 refusa
1188 1981 1276 2046 uadis,

558 2065 698 2137 Sertaque
721 2072 875 2121 vernarent
897 2067 1003 2120 tumulo
1022 2067 1118 2120 natira
1140 2066 1192 2120 sub
1211 2067 1281 2135 ipso,

622 2153 660 2206 Et
678 2152 806 2222 querutoe
827 2158 965 2206 canerent
983 2150 1074 2222 flehite
1095 2165 1208 2221 semper
1229 2164 1304 2205 aves.

563 2236 654 2303 Vade,
676 2238 728 2291 sed
749 2237 894 2291 admonitu
916 2236 1009 2291 nostri
1029 2250 1096 2305 spes
1120 2235 1258 2291 contrahe
1279 2236 1376 2300 laxas,

493 2335 517 2374 ts
625 2320 685 2388 Quo
708 2323 821 2376 minime
843 2322 951 2387 eredis,
974 2328 1051 2375 stant
1073 2328 1123 2375 tua
1143 2320 1209 2393 sata
1232 2321 1301 2376 ioco.

706 2416 774 2483 [Hoc
791 2419 943 2483 epitaphium
954 2421 1046 2483 tepitnr
1058 2422 1133 2468 etiam
1145 2434 1187 2483 ap.
1202 2418 1354 2467 Reusnerum
1365 2425 1390 2468 et
1404 2417 1596 2467 Burckiardum
1609 2424 1634 2466 et

709 2501 870 2569 intacitum]
885 2531 915 2540 —
929 2505 1072 2554 deusnerus
1085 2506 1156 2554 addit
1168 2505 1238 2554 atiud
1253 2510 1371 2569 tanquam
1385 2503 1423 2552 Io.
1438 2502 1550 2551 Fabricii
1561 2508 1634 2558 esset,

707 2590 775 2653 quod
795 2594 876 2638 tamea
904 2593 972 2638 tuter
996 2589 1097 2655 ‘elogia
1124 2602 1251 2639 versuum
1274 2588 1475 2638 Eobanicorum
1499 2588 1636 2651 asscripta

705 2673 793 2737 signia
812 2674 978 2723 eruditorum
997 2674 1164 2739 quomtndam
1181 2674 1300 2739 depictis
1324 2674 1353 2723 in
1376 2672 1480 2723 sedibus
1498 2706 1567 2720 ....
1586 2671 1635 2720 sti-

707 2757 1181 2824 1111811Μιῑοὴοτςῑῑ,Νοηὴιιεαιιί
1204 2757 1332 2809 consulis·
1356 2757 1457 2808 erdiiet
1481 2757 1569 2808 Ioard.
1590 2757 1636 2807 Ca·

706 2844 829 2893 merarius
841 2848 866 2892 tn
879 2843 954 2893 Tert.
967 2842 1068 2893 Libeli.
1082 2843 1232 2910 Epistulas.
1246 2843 1280 2893 H.
1292 2843 1360 2893 nob.
1372 2842 1463 2893 Heaai.
1476 2843 1553 2908 Lips.
1564 2839 1636 2892 1701.

707 2925 744 2975 8⁰.
764 2927 811 2978 t'ol.
825 2927 846 2977 C
858 2927 898 2989 8.,
918 2928 980 2977 doc:

975 3062 1021 3122 11.

906 3183 933 3231 H
939 3183 963 3231 V
967 3180 1089 3231 Trans.

562 3287 643 3356 Quod
661 3289 807 3360 pentiIitiis
824 3295 921 3358 posset
938 3302 1113 3358 proeponere
1135 3289 1224 3359 sionis

627 3374 784 3439 Humanas,
805 3372 896 3428 Marsis
918 3373 1019 3429 Gratia
1041 3374 1138 3427 itencta
1155 3372 1222 3444 suit.

711 3467 814 3535 [Ceteri
833 3485 944 3535 quorum
958 3470 1079 3535 insignia
1092 3470 1203 3535 depicta
1216 3467 1340 3520 versibus
1354 3471 1498 3520 exornavit
1510 3469 1640 3519 Eobanus

711 3555 768 3604 iere
788 3571 880 3605 omnes
898 3556 963 3605 novi
981 3555 1104 3604 homines
1124 3561 1215 3617 erant,
1241 3554 1387 3621 gentilicia
1411 3555 1532 3620 insignia
1554 3554 1638 3615 nulla,

710 3640 758 3690 sed
777 3655 837 3705 quae
856 3656 903 3706 pro
922 3639 1011 3690 lubitu
1029 3639 1083 3688 sibi
1101 3640 1213 3703 quisque
1237 3645 1403 3705 sumpserat,
1427 3635 1589 3704 habebant]

975 3774 1023 3835 12.

426 3878 504 3939 Quod
523 3879 653 3943 sequitur,
675 3894 708 3928 ex
726 3877 947 3945 ephemeridibus
965 3876 1091 3941 (Literar.
1112 3877 1229 3927 Btutter.
1249 3877 1300 3927 Bd.
1314 3878 1332 3927 I
1335 3880 1366 3927 V.
1399 3878 1495 3928 evermo.
1512 3875 1584 3926 teos.
1603 3876 1640 3925 4⁸.

322 3978 351 4021 ³5
360 3979 387 4027 p.
405 3961 460 4024 92.)
483 3964 543 4012 sine
567 3965 687 4014 auctoris
711 3966 820 4014 nomine
843 3964 1033 4029 depromptum
1056 3962 1195 4012 distichon
1218 3963 1326 4012 Eobani
1349 3963 1433 4013 Hessi
1456 3967 1512 4025 est,
1536 3978 1569 4011 ex
1588 3962 1641 4011 Re·

361 4049 508 4112 sponsione
527 4049 563 4098 ad
581 4048 696 4098 Hntteni
715 4049 869 4113 Epistulam
887 4047 978 4098 Italiae
996 4063 1023 4097 v.
1039 4045 1096 4097 133.
1110 4063 1149 4112 aq.
1164 4046 1228 4109 (voi.
1242 4048 1265 4097 1.
1278 4064 1303 4113 p.
1319 4046 1388 4112 117.)
1408 4053 1579 4113 excerptum:

844 4168 933 4217 HVL.
952 4168 980 4217 H
986 4167 1012 4216 V
1014 4165 1166 4216 TTENVS.

564 4256 636 4323 Fer,
661 4258 770 4327 confide
790 4259 856 4324 deo,
878 4257 1069 4327 sperabant,
1092 4255 1202 4311 lubrica
1221 4273 1366 4328 nunquam

631 4342 762 4397 Fortuna
785 4344 814 4397 in
836 4357 944 4397 summo
965 4343 1085 4396 cardine
1106 4348 1185 4396 stare
1207 4348 1309 4413 potest.

941 4491 988 4550 13.
1018 4491 1062 4549 ii.

430 4608 536 4673 Nequid
556 4608 625 4673 quod
645 4608 679 4657 ad
697 4623 793 4658 manus
811 4608 891 4658 nobis
910 4614 952 4657 est
971 4609 1197 4673 epigrammatum
1211 4605 1403 4676 neglegamus,
1424 4608 1547 4662 addimus
1560 4612 1645 4664 etiam

430 4776 441 4809 ⁴
458 4795 483 4828 v.
500 4775 550 4843 ltu]
564 4779 622 4828 Hoc
633 4795 722 4842 parson
734 4781 857 4829 adcurate
870 4781 959 4829 dictum
972 4793 1035 4836 esse,
1054 4794 1090 4829 ecc
1101 4781 1156 4842 ipso
1168 4781 1303 4843 diplomate
1316 4782 1384 4845 quod
1394 4787 1440 4831 sat.
1454 4782 1475 4831 1.
1488 4797 1515 4846 p.
1531 4780 1586 4833 143.
1600 4798 1647 4834 eoe·

363 4863 493 4918 tutissimus.
512 4865 576 4912 satir
593 4864 712 4928 adparet.
780 4865 791 4895 ⁹
809 4880 834 4913 v.
851 4861 901 4928 ta]
922 4864 978 4913 Nan
996 4867 1093 4927 tepatus
1112 4863 1232 4921 &asurim
1250 4867 1299 4914 sed
1315 4865 1346 4914 ab
1358 4866 1405 4915 tac
1417 4868 1533 4917 desertus
1545 4870 1570 4916 in
1583 4869 1646 4918 Het-

363 4954 452 4998 aetiam
470 4954 573 4997 uenerat
587 4950 723 4999 Huttenus.
743 4949 787 4998 ct.
800 4949 920 5001 Burckh.
936 4949 970 4998 11.
985 4965 1011 5014 p.
1024 4949 1083 4998 242.
1097 4949 1148 4998 111.
1162 4965 1187 5013 p.
1202 4947 1260 4998 289.
1309 4946 1359 4981 ’Μ’
1377 4966 1420 5001 vv.
1437 4950 1474 4999 17.
1484 4949 1534 5017 lie}
1555 4953 1648 5002 ‚donata

364 5036 461 5100 quidem
478 5034 525 5083 sed
542 5050 591 5083 non
608 5050 709 5101 uerum·

1359 5121 1426 5184 tt*
