3934 6034
323 634 396 707 458
433 651 599 703 ccexelv.
621 649 708 717 [rvsrr
724 650 816 716 rasari]
835 666 870 701 an
884 668 1045 706 aeoeoorarr
1060 669 1115 703 roa.
1130 668 1213 703 caim
1228 668 1350 703 nonensi
1364 669 1530 705 aaaronsro.
1551 662 1609 704 tata,

323 843 432 899 operam
463 825 541 881 notm
569 827 702 898 tantisper
729 826 794 880 dare
827 825 862 894 (id
891 826 963 897 ‹puod
988 835 1076 882 tamen
1100 834 1147 882 tuo
1172 826 1243 882 tono
1265 828 1408 883 commodo
1430 837 1459 883 et
1482 828 1610 884 facultate

266 915 311 966 Μ,
322 910 391 966 bona
408 909 477 980 fiat).
501 919 557 965 turn
575 911 640 965 laaan·
658 928 751 971 arianam,
767 911 848 964 arriani
864 928 958 970 causa.
975 910 1050 982 leges
1065 911 1229 983 Epistolam.
1247 912 1274 966 in
1290 929 1342 984 qua
1359 912 1427 967 mlril
1441 913 1475 968 de
1490 913 1608 973 Christo.

320 996 353 1051 de
377 996 566 1056 sacramentis,
589 995 621 1049 de
646 993 726 1049 rebus
741 994 882 1054 Ecclesiae,
906 1013 966 1067 quae
991 995 1108 1049 themata
1131 995 1179 1050 tibi
1196 995 1361 1069 permolesta
1383 996 1424 1066 (ot
1439 996 1528 1068 rideo)
1552 998 1610 1052 lue·

320 1089 395 1140 runt.
420 1081 466 1136 sed
489 1080 620 1136 eiusmodi
644 1079 764 1151 ‹prraedam
789 1086 875 1134 tecam
898 1080 982 1134 amice
1004 1079 1214 1141 confabulabor,
1239 1099 1299 1153 quae
1322 1080 1401 1153 plane
1425 1082 1465 1136 tui
1481 1082 1537 1137 sint
1553 1092 1610 1137 sto·

320 1165 421 1225 maelii,
450 1183 510 1237 «pirae
533 1174 634 1238 praeter
663 1164 778 1237 teipsum
807 1172 835 1217 et
857 1164 988 1235 quosdam
1010 1164 1111 1219 amieos
1134 1172 1238 1219 soteres
1260 1166 1294 1220 de
1317 1174 1343 1219 te
1366 1166 1523 1228 scitnemo,
1547 1182 1630 1241 qrraas

319 1250 390 1305 risus
414 1249 519 1322 iociaprc
542 1248 651 1303 uberem
674 1248 814 1321 praebeant
837 1248 989 1308 rnateriam.
1014 1266 1074 1321 quae
1098 1249 1210 1303 reddant
1233 1248 1281 1303 tibi
1305 1250 1492 1306 recordatione
1508 1252 1610 1324 prioris

319 1334 392 1389 illias
414 1335 475 1388 vitae
499 1342 566 1394 tuae,
595 1351 654 1387 cum
684 1333 769 1405 aurigis
799 1341 860 1387 tiaras
890 1350 963 1394 eras,
994 1350 1091 1394 irarum
1119 1332 1194 1388 illum
1217 1334 1416 1390 llomauismum
1445 1353 1501 1407 quo
1530 1336 1609 1391 isthic

319 1419 389 1493 apud
412 1437 506 1492 parum
530 1426 649 1473 attentos
672 1426 699 1472 et
722 1435 816 1491 parurn
838 1426 933 1473 cautos
957 1426 982 1471 te
1005 1436 1055 1491 pro
1078 1418 1185 1491 Papista
1209 1419 1342 1480 senilitas,
1365 1419 1451 1474 adbuc
1468 1420 1609 1476 iucundio-

320 1522 391 1564 rem,
415 1505 477 1558 dura
495 1504 619 1558 borraarne
636 1502 760 1558 Ecclesiae
783 1503 994 1557 addictissimum
1018 1511 1044 1556 te
1066 1520 1127 1557 esse
1149 1502 1273 1564 simulas,
1297 1511 1325 1558 ct
1346 1504 1491 1559 animulam
1507 1522 1538 1560 ae
1553 1505 1609 1559 oii-

318 1589 406 1644 cadam
421 1588 661 1661 simplicissimam.
685 1587 735 1641 sub
751 1588 822 1642 lidcli
846 1595 955 1661 pastore
977 1588 1126 1642 animarum
1149 1595 1176 1642 et
1191 1597 1305 1644 cruento
1321 1588 1454 1643 bellatore
1468 1588 1639 1644 Clementem

263 1674 452 1746 §.o-sepimus.
480 1682 506 1728 et
536 1672 610 1727 intus
633 1674 658 1726 ia
682 1672 763 1727 corde
786 1673 904 1727 suaviter
926 1672 999 1727 rides
1022 1680 1049 1726 et
1071 1673 1223 1727 contemnis
1246 1672 1343 1727 omnia.
1389 1673 1440 1728 Sed
1463 1682 1608 1746 antequam

317 1758 351 1813 de
380 1757 433 1812 illis
462 1759 564 1812 uostris
594 1756 794 1812 incumlissirnis
824 1757 890 1811 iocis
918 1758 1084 1828 garriannrs.
1114 1757 1229 1829 primurn
1252 1757 1303 1812 boe
1326 1757 1457 1818 monebo,
1480 1758 1606 1818 candore.

319 1859 397 1916 (parem
414 1843 495 1902 nosti,
518 1851 544 1897 ct
562 1859 641 1914 qinein
665 1841 786 1901 mereris,
811 1840 977 1895 incredibili:
1002 1841 1062 1896 novi
1087 1842 1194 1913 quidem
1212 1850 1252 1901 te.
1276 1843 1365 1900 Crete,
1389 1842 1532 1914 egregium
1549 1860 1607 1897 esse

318 1926 460 1982 siruulandi
484 1935 511 1980 et
533 1926 719 1981 dissimulaudi
742 1926 887 1985 artilieem,
919 1926 1071 1997 praesertim
1094 1943 1155 1980 cum
1186 1926 1320 1982 ralriciern
1344 1927 1460 1981 nativam
1483 1936 1510 1982 et
1534 1927 1622 1998 iuge*

318 2011 390 2066 nino
418 2011 542 2067 callidam
571 2012 656 2065 :ullane
686 2012 771 2082 rraapis
800 2019 899 2065 acuunt
922 2009 1056 2065 illecebra
1081 2009 1148 2071 illae.
1178 2011 1254 2065 saror
1275 2019 1432 2084 potentum,
1461 2010 1608 2084 applausus
1620 2022 1642 2061 ¹⁵

319 2097 498 2169 papistaram.
521 2096 597 2151 cibus
620 2095 732 2150 alicnus.

263 2189 307 2237 §.a
403 2180 454 2235 Sed
478 2197 571 2251 quase
596 2189 635 2242 te,
664 2197 718 2234 non
745 2187 887 2235 contemne
911 2196 967 2234 ntea
991 2181 1108 2240 monita:
1137 2196 1191 2234 non
1213 2180 1318 2242 credis,
1348 2180 1459 2234 interim
1483 2181 1556 2252 quod
1579 2189 1606 2235 ta

317 2265 426 2319 abluisti
451 2265 476 2318 in
493 2265 637 2325 Sarraatis,
660 2282 765 2319 naariam
787 2273 975 2325 conservator,
1000 2263 1125 2320 Ecclesiae
1152 2264 1293 2325 defensor,
1323 2274 1455 2336 quantum
1477 2282 1606 2320 novarum

316 2351 414 2403 articam
439 2350 588 2404 incluserint
612 2349 769 2409 lutherani,
798 2358 826 2404 et
853 2358 953 2421 «perarata
975 2367 1007 2403 ea
1031 2356 1107 2421 parte
1130 2348 1255 2404 Germani
1279 2349 1341 2403 lacti
1365 2348 1419 2403 sint
1441 2347 1605 2409 callidiores,

317 2442 446 2507 qrrantmn
471 2434 531 2487 buic
546 2433 700 2488 Teutonicae
723 2432 902 2506 simplicitati,
927 2452 1007 2506 qararn
1032 2441 1069 2493 ta,
1094 2433 1145 2487 nisi
1168 2432 1291 2493 abiisses,
1314 2442 1527 2489 conservaturus
1550 2434 1641 2489 lor-ao

317 2536 364 2573 san
392 2535 465 2578 eras,
495 2517 624 2572 detritam
655 2519 704 2572 sit:
733 2535 787 2572 non
817 2527 869 2572 tarn
900 2517 977 2572 larile
1001 2519 1052 2572 iarn
1076 2518 1226 2590 imponitur
1248 2518 1351 2573 uostris
1374 2517 1545 2577 bominibus.
1577 2526 1606 2573 ut

316 2602 389 2662 olim
413 2611 557 2675 antequam
580 2601 799 2657 lroeLulberano
822 2603 979 2675 pbycarnate
1003 2604 1041 2657 sie
1056 2603 1268 2658 leraraerrtarotur
1283 2602 1437 2657 Germania:
1460 2612 1605 2676 postquam

317 2688 387 2741 enirn
410 2687 442 2740 ad
467 2694 520 2740 lam
542 2685 641 2741 claram
664 2685 751 2742 lucem
774 2686 878 2759 prolata
902 2696 943 2741 cst
966 2688 1116 2759 impostura
1141 2686 1368 2758 iudrdgentiarum
1392 2695 1420 2742 et
1436 2687 1601 2742 lucatissima

317 2770 362 2825 illa
391 2770 544 2843 hypocrisis
575 2760 781 2830 dernacborurn.
811 2771 936 2826 ornrnbas
963 2789 1051 2827 eseam
1081 2770 1194 2826 subesse
1218 2772 1326 2831 timent.
1359 2771 1448 2826 omnia
1479 2778 1604 2844 suspecta

316 2854 416 2910 babere
437 2855 604 2913 didicerant.
627 2856 708 2909 etiam
731 2856 781 2927 ipsi
805 2855 933 2927 Papista.
965 2864 992 2910 et
1015 2856 1066 2910 sab
1089 2856 1184 2928 quovis
1205 2855 1299 2910 colore
1328 2856 1424 2911 timont
1447 2854 1533 2910 latere
1555 2868 1636 2910 nora

318 2957 378 2994 vum
401 2938 516 3012 aliquem
541 2939 795 3010 indulgentiarimn.
825 2957 921 2995 rnorem
945 2939 1061 3013 alirprem
1085 2940 1260 3000 arnonaebum,
1283 2941 1329 3012 qrri
1352 2939 1518 3000 aralieorum.
1540 2939 1606 2995 diri·

260 3025 372 3079 §.scaro
396 3031 423 3078 et
446 3033 588 3097 paternam
612 3026 738 3085 saisirem,
762 3025 878 3098 praalanr
894 3035 1014 3098 captans.
1038 3025 1146 3080 arabiat.
1180 3026 1250 3084 Scio,
1275 3024 1340 3079 satis
1356 3024 1502 3079 artilieiose
1517 3022 1606 3080 celare

315 3110 387 3163 nosti
412 3110 569 3163 interiorem
594 3109 667 3163 illum
683 3112 807 3171 dentiam,
832 3110 896 3169 scio.
922 3110 990 3164 lnnn
1014 3109 1093 3164 rerba
1115 3108 1192 3163 dabis
1215 3108 1447 3164 llevereudissimo
1462 3106 1605 3167 Cardinali‚

315 3203 342 3249 et
364 3194 458 3249 aulicis
481 3193 535 3247 illis
558 3211 627 3265 epiros
650 3194 748 3248 sideris
770 3194 908 3267 proximos
930 3195 996 3249 deos
1019 3212 1079 3249 csse
1102 3192 1169 3253 lori.
1198 3193 1308 3248 omnino
1338 3193 1463 3265 gnaviter
1484 3199 1607 3247 assenta-

314 3278 402 3340 bcris;
426 3295 515 3332 corion
537 3278 617 3332 etiarn
642 3279 776 3351 tormratis
800 3277 869 3336 illis,
893 3287 920 3333 et
943 3278 1042 3351 quibus
1064 3296 1119 3332 nou
1141 3276 1287 3333 dillicalter
1309 3276 1410 3349 imponi
1435 3293 1518 3349 posse
1539 3287 1637 3331 con-ao

315 3363 394 3422 sides.
418 3361 519 3434 alieprid
543 3361 641 3423 libere.
665 3362 765 3436 alicprid
790 3380 885 3435 aspere
907 3363 980 3418 dices
1005 3364 1030 3416 in
1048 3362 1209 3421 Latinorum.
1232 3370 1260 3416 et
1283 3362 1309 3416 ia
1333 3360 1405 3416 illam
1430 3360 1543 3415 vicinam
1562 3377 1607 3415 ur·

317 3446 390 3507 bern.
414 3446 638 3501 carrariocrnorabis
662 3465 770 3520 (percrepare
792 3447 907 3508 crebro,
932 3446 1034 3502 scilieet
1057 3455 1115 3501 arte
1130 3445 1242 3517 Pelasga
1266 3445 1495 3501 instructissimus
1511 3444 1605 3505 Sinon,

260 3536 343 3587 §.ate
367 3549 475 3604 spirisque
500 3531 583 3585 luisse
608 3533 632 3585 in
657 3531 711 3586 illis
734 3532 895 3587 lullo-ranis
917 3532 1024 3586 eastris.
1068 3530 1100 3585 Et
1123 3531 1248 3603 prolecto
1271 3545 1326 3584 raon
1353 3529 1532 3602 aspernandae
1564 3546 1606 3583 ar·

315 3625 355 3672 tes
378 3624 455 3670 erant
478 3618 534 3676 ba,
564 3617 627 3671 dum
658 3626 734 3671 retias
758 3616 801 3671 illa
826 3617 911 3671 soraraa
934 3616 1045 3669 duraret
1067 3624 1095 3669 et
1118 3614 1218 3669 valeret
1241 3613 1424 3673 Garatonismi.
1454 3630 1515 3668 cum
1539 3629 1606 3668 nou·

312 3702 375 3756 dam
406 3701 540 3755 Lutlaerus
571 3702 651 3756 etiarn
682 3702 862 3774 parasitorum
899 3700 1062 3774 professioni
1092 3707 1119 3754 et
1149 3698 1265 3771 quaestui
1295 3705 1439 3753 nocuerat:
1469 3698 1637 3753 eiusmodias

313 3786 537 3841 euimtlnatoucs
560 3786 658 3857 (poturit
680 3787 748 3847 aula.
773 3787 818 3857 epu
842 3785 933 3840 norint
957 3784 1057 3838 servire
1080 3782 1169 3838 oculis
1189 3792 1216 3838 et
1244 3782 1369 3843 auribus,
1399 3783 1445 3854 qui
1475 3799 1508 3836 ex
1535 3781 1605 3837 dolis

313 3878 340 3925 et
365 3868 469 3924 technis
491 3872 599 3924 corasati
624 3872 691 3930 sint,
722 3871 767 3942 qiri
792 3870 829 3924 sic
853 3878 989 3942 praeopta
1013 3869 1064 3922 iarn
1087 3869 1220 3923 instructa
1248 3876 1274 3922 et
1303 3866 1505 3940 praemeditata.
1534 3867 1605 3921 dicta

314 3962 341 4010 et
364 3955 433 4009 lacta
457 3953 572 4008 babeant
595 3955 697 4015 uinaria,
723 3963 752 4009 ut
775 3972 877 4009 sarnrma
901 3954 1041 4027 sapientiae
1065 3952 1198 4008 universae
1221 3951 1294 4007 illius
1316 3960 1344 4006 et
1367 3950 1502 4006 serruenis
1517 3950 1610 4005 cananis·

315 4039 364 4098 sit,
388 4040 484 4099 diunt,
509 4039 572 4100 dio;
596 4047 675 4110 negat
699 4040 774 4112 qrris,
799 4056 868 4110 neam
892 4047 942 4093 etc.
966 4047 1065 4093 cetera
1089 4038 1169 4092 nosti.

247 4130 306 4180 tto.
403 4123 453 4177 Sed
477 4123 572 4178 aarraabo
597 4132 635 4184 te.
659 4124 694 4178 mi
718 4126 813 4183 Crete,
842 4123 960 4178 confides
986 4124 1095 4194 ingenio
1119 4131 1183 4181 tuo.
1212 4129 1240 4175 at
1262 4128 1398 4175 memento
1422 4126 1512 4174 tannen
1535 4118 1635 4174 ‹tim-n

315 4208 378 4263 clero
403 4207 572 4269 liorninibus;
602 4226 656 4263 uon
681 4209 797 4263 versaris
820 4209 845 4262 in
870 4208 953 4262 reteri
977 4207 1022 4275 illa
1037 4205 1186 4267 t'lerrmania,
1210 4223 1290 4278 spiram
1314 4205 1340 4259 in
1364 4205 1498 4260 llorussos
1521 4204 1605 4259 disce·

310 4374 503 4383 .-———--...

379 4471 389 4503 ⁴
413 4480 477 4523 erant
496 4476 521 4522 3.
544 4491 595 4538 pen
617 4490 701 4524 error.
771 4473 782 4503 ⁰
806 4474 940 4539 prebeant
960 4475 983 4522 l.
1043 4471 1054 4502 ⁷
1082 4472 1145 4522 istic
1167 4474 1227 4521 2.3.
1288 4468 1309 4502 ¹²
1329 4472 1399 4519 iocis
1418 4472 1529 4520 iucund.
1546 4472 1603 4520 Η.

312 4556 493 4623 “presertim
514 4562 537 4607 l.
591 4556 714 4622 ¹⁷queso
734 4561 757 4605 1.
818 4558 838 4589 ¹⁹
857 4559 1014 4608 inuexerint
1033 4560 1093 4606 2.3.
1151 4553 1281 4621 ‘²1⁹¹qu
1301 4556 1604 4605 farinasubactarna·

312 4650 472 4708 conataque.
536 4642 558 4674 ²⁶
576 4643 782 4708 indulgentioris
803 4647 826 4690 1.
848 4641 1082 4706 Indulgentiarnm
1102 4646 1128 4691 2.
1190 4637 1413 4705 ²⁷prred.cnpt.]
1433 4641 1474 4689 Ad
1494 4642 1605 4690 Germa·

313 4729 404 4776 uicurn
434 4728 510 4776 t'roti
538 4743 635 4776 nomeu
659 4728 747 4788 lupen
771 4725 855 4774 elladi
880 4728 1009 4790 opinatus
1040 4732 1082 4775 est
1105 4727 1198 4775 (llear.
1270 4726 1380 4790 predam
1402 4728 1426 4772 1.
1497 4724 1519 4755 ²⁸
1538 4727 1605 4775 uiris

313 4813 448 4876 proximos
467 4827 528 4860 esse
541 4811 606 4859 deos
620 4811 678 4859 lovi
694 4813 716 4857 2.
739 4811 840 4859 rideris
853 4827 878 4873 p.
894 4827 917 4859 c.
931 4811 957 4859 d.
971 4813 993 4860 l.
1009 4814 1034 4859 3.
1050 4811 1102 4868 (cst
1121 4827 1153 4858 ex
1169 4812 1274 4859 Erasini
1289 4811 1397 4867 llario.)
1433 4808 1453 4840 ³¹
1474 4808 1604 4874 vicinam]

314 4895 393 4944 llnlis
407 4896 544 4944 Saxonum
557 4895 787 4959 ll'ittcubergam.
824 4894 846 4924 ²¹³
861 4896 902 4942 l's.
919 4894 1321 4959 l'ergil.derr.Il.77.sqq.15⁶2.
1356 4892 1379 4923 ⁵⁵
1392 4909 1425 4942 ue
1439 4894 1606 4959 professioni

315 4985 415 5029 ct1.2.
453 4980 560 5045 (praestari
577 4982 634 5027 1.2.
687 4979 709 5009 ⁸⁰
729 4981 879 5043 quiaorint
945 4980 1056 5029 auribus
1075 4981 1200 5029 excidat.
1254 4978 1275 5010 ³⁹
1295 4979 1434 5028 ete.uolti
1453 4984 1507 5029 etc.
1528 4982 1588 5029 Μ.
