3934 6034
339 700 550 751 cccxxxtttt.
569 714 758 751 euenerexsu
772 715 824 750 rao
838 714 967 751 uvrrnxo
980 715 1017 750 an
1029 714 1133 749 enesim
1147 713 1288 749 eronnmu
1300 711 1463 748 nesroxsxo.
1502 679 1575 752 335

292 877 352 932 vitai
374 877 553 950 synceritate,
577 874 623 949 qui
645 875 742 932 allecto
764 874 805 930 vel
828 875 927 932 iudicio
950 892 1041 931 errare
1063 874 1255 948 nonpossint:
1278 881 1343 929 snut
1357 872 1428 929 enim
1445 871 1575 933 homines,

293 980 361 1034 ipuos
383 962 503 1016 videmus
527 961 660 1017 interdum
684 959 746 1034 plus
768 960 908 1016 affectibus
930 961 1033 1015 servire
1056 977 1135 1033 quam
1158 976 1252 1016 omnes
1274 958 1348 1030 vulgi
1370 957 1507 1016 homiues.
1531 973 1576 1012 su·

292 1046 398 1119 pcrbia,
422 1046 498 1107 luxu,
523 1054 550 1100 et
573 1046 682 1101 avaritia
705 1046 827 1119 perditos
850 1054 878 1101 et
899 1045 1060 1119 absorptos,
1089 1054 1120 1100 nt
1142 1044 1233 1101 inultos
1263 1042 1505 1118 prophanissimos.
1543 1057 1575 1097 ex

292 1139 466 1187 vernantem
489 1130 602 1186 cruditis
623 1139 652 1186 ct
674 1130 753 1187 bonis
777 1139 806 1187 tu
829 1132 961 1187 tieuiiuem
985 1130 1049 1186 mibi
1072 1130 1147 1186 dabis
1170 1131 1216 1204 qni
1239 1146 1294 1185 uon
1315 1136 1445 1184 strennue
1460 1143 1576 1183 cousen-

270 1218 341 1272 5tiat
363 1234 424 1273 cum
447 1216 574 1271 bothero.

355 1297 454 1377 [esua]
499 1318 548 1357 nn.
572 1304 613 1355 Ac
635 1318 670 1355 ne
692 1304 726 1357 de
748 1304 814 1358 sede
837 1302 969 1358 Romana
992 1318 1117 1372 eriperem
1140 1302 1336 1357 inconstanter
1365 1300 1475 1355 locutus
1502 1314 1573 1355 enm.

293 1402 343 1443 or.
367 1387 454 1454 (lirare
477 1404 532 1442 non
555 1387 758 1443 inconstanter·l
791 1388 918 1462 quoniam
942 1387 1090 1443 fortissima
1112 1386 1229 1460 suspitio
1259 1394 1301 1441 est
1329 1384 1355 1440 in
1385 1401 1414 1440 re
1444 1384 1517 1457 turpi
1548 1393 1574 1441 te

291 1489 347 1527 nou
370 1472 492 1545 potuisse
516 1472 658 1545 imperium
680 1472 845 1534 detrectare,
875 1481 902 1528 et
930 1472 1060 1546 optimam
1088 1471 1220 1545 quandam
1243 1470 1393 1526 mercedem
1416 1478 1444 1525 et
1465 1471 1574 1525 minime

291 1557 487 1612 contemnenda
512 1574 603 1631 operte
625 1557 715 1631 precia
738 1567 901 1632 reportasse.
939 1558 1041 1630 alioqui
1064 1575 1124 1630 qun
1140 1557 1218 1612 Furia
1242 1563 1350 1630 poterat
1372 1556 1411 1611 sic
1433 1564 1575 1611 excantare

259 1652 333 1703 tote,
358 1650 388 1697 ut
410 1642 550 1698 vnnrrileste
572 1642 772 1698 contradiceres
795 1643 917 1699 veritati?

355 1721 453 1803 [tm]
497 1743 547 1783 en.
576 1728 635 1782 Nee
661 1729 852 1800 indnlpentins
880 1744 1001 1800 asqnnm
1030 1730 1059 1783 in
1088 1735 1175 1783 toturn
1203 1728 1316 1782 damno.
1393 1742 1443 1784 on.
1470 1725 1497 1781 Si
1521 1742 1574 1781 non

290 1812 414 1874 damnas,
438 1813 533 1886 profer
554 1829 621 1884 ergo
644 1812 684 1868 vel
709 1831 790 1868 uuum
813 1814 868 1869 iota
891 1814 970 1869 nobis
992 1813 1025 1868 de
1047 1812 1128 1885 ringis
1150 1820 1177 1869 et
1200 1810 1342 1868 tendiculis
1365 1811 1419 1868 illis
1447 1828 1479 1866 ex
1508 1811 1574 1866 seri-

291 1898 389 1971 pturis.
434 1898 590 1970 accingere,
614 1898 665 1953 iarn
687 1907 792 1953 oratura
815 1915 858 1955 res
881 1908 937 1963 est;
960 1898 1062 1972 alioqui
1085 1906 1173 1953 actum
1195 1898 1227 1953 de
1251 1897 1293 1953 bis
1315 1897 1376 1953 erit.
1405 1896 1486 1951 Audis
1502 1897 1574 1970 quod

291 2000 418 2038 vocamus
441 2000 542 2056 nugas,
567 1982 730 2056 imposturas
751 1993 779 2038 et
801 2001 927 2056 sagenam
949 1983 1058 2039 diaboli.

260 2079 283 2119 ¹⁵
356 2063 454 2144 [eut]
499 2084 547 2124 nn.
576 2068 627 2124 Ubi
648 2084 714 2124 vero
737 2086 863 2141 terrenam
885 2077 1041 2125 execratus
1062 2086 1124 2124 snm
1147 2071 1192 2125 ins
1213 2069 1380 2124 carronienm
1409 2074 1436 2122 et
1459 2067 1575 2138 pontifi·

291 2170 354 2208 cnm
377 2156 467 2208 scita?
526 2168 576 2209 or.
601 2154 652 2208 Scd
674 2171 729 2226 quo
753 2162 842 2210 taurea
864 2155 1017 2211 honestatis
1040 2162 1172 2228 praetextu
1188 2171 1243 2209 non
1259 2153 1412 2209 execraris?
1435 2169 1487 2225 qna
1510 2168 1575 2208 con·

291 2239 422 2294 scientia?
446 2256 497 2312 qna
520 2239 638 2313 pietate?
662 2256 713 2311 qua
737 2239 803 2294 utet
835 2241 898 2295 'lain
921 2239 972 2295 levi
996 2247 1133 2295 momento
1155 2239 1254 2295 Christi
1277 2239 1304 2294 in
1328 2246 1354 2293 te
1376 2237 1441 2292 fides
1464 2237 1573 2299 residet,

290 2324 332 2379 vel
355 2325 422 2380 adeo
446 2325 584 2379 obstinere
607 2324 745 2380 decretum
767 2333 809 2381 est
833 2325 894 2388 tibi,
919 2333 948 2381 ut
971 2326 994 2380 si
1017 2326 1098 2381 ctiam
1119 2326 1152 2381 de
1174 2323 1314 2397 evangelio
1328 2324 1457 2379 decedere
1473 2321 1574 2396 aliquid

291 2408 442 2482 oportebit,
477 2408 549 2464 aliud
573 2418 661 2465 minen
684 2410 772 2465 lacere
794 2410 883 2465 nolis?
918 2413 958 2465 bu
988 2419 1105 2466 mentem
1134 2427 1188 2466 uon
1219 2410 1302 2465 babes
1325 2418 1352 2464 et
1374 2407 1487 2464 oculos?
1519 2423 1573 2464 non

256 2494 364 2549 roridos
388 2511 467 2567 quam
490 2494 568 2550 lindis
590 2495 744 2550 horninibus
766 2496 885 2569 appellet
907 2496 1056 2569 scriptura,
1085 2514 1164 2569 quam
1187 2495 1287 2569 passim
1308 2493 1430 2556 eribilet,
1454 2492 1576 2566 explodit

291 2588 319 2634 et
333 2579 500 2642 detestatur,
525 2598 604 2653 cluam
621 2578 736 2636 sollicite
753 2590 859 2642 mouet,
882 2590 912 2637 nt
927 2582 1001 2637 velut
1016 2589 1119 2655 pestem
1133 2581 1282 2636 devitemus
1297 2587 1325 2635 et
1339 2596 1493 2640 caveamus,
1511 2578 1574 2634 dum

291 2674 367 2720 vocnt
389 2672 531 2737 arpentum
555 2683 661 2721 versum
683 2665 709 2720 iu
734 2666 862 2728 scoriam,
885 2665 995 2723 calicem
1016 2667 1070 2721 viui
1092 2666 1192 2722 luroris
1213 2665 1329 2727 donnini,
1353 2665 1441 2720 vinum
1463 2664 1574 2719 mixtum

291 2766 377 2821 avpua,
400 2750 489 2805 viuum
504 2750 691 2806 vlaumatorum
708 2750 734 2804 in
749 2751 830 2807 domo
846 2752 888 2807 dci
904 2753 1006 2812 nostri,
1029 2769 1126 2825 aquam
1142 2750 1274 2807 turbidam
1290 2750 1421 2824 Aegypti,
1443 2750 1574 2806 cisternas

290 2833 434 2908 dissipatas
457 2836 514 2889 siue
537 2853 621 2913 aqna,
652 2835 719 2891 telas
742 2854 917 2899 araneorum,
946 2855 995 2893 ova
1017 2838 1153 2910 aspidum,
1181 2835 1380 2909 coloquintidas
1410 2834 1573 2894 mortiferas,

256 2931 281 2970 n
291 2918 395 2992 paleas,
413 2919 558 2993 stipulam,
576 2921 689 2982 henum,
707 2922 884 2983 lerrrieutum,
900 2922 1142 2982 abominationem.
1165 2930 1271 2978 stercus
1287 2930 1315 2977 et
1329 2920 1442 2993 laqueos
1456 2917 1573 2975 diaboli?

354 2999 451 3080 [tm]
496 3022 545 3061 nn.
575 3005 650 3072 Quid
675 3009 712 3061 sit
735 3009 897 3078 pontificem
927 3010 956 3062 in
984 3010 1112 3063 ordinem
1141 3009 1285 3078 recimere,
1316 3023 1373 3061 non
1408 3007 1479 3060 sotis
1505 3005 1573 3059 scio.

292 3106 340 3145 or.
365 3088 508 3152 Existimo,
533 3090 555 3148 si
579 3108 649 3147 tinne
673 3092 772 3148 viveret
787 3092 935 3154 llnttcnns,
959 3094 1011 3149 boc
1033 3093 1211 3166 responderet
1232 3091 1363 3147 fortasse:
1389 3090 1481 3146 videor
1502 3089 1573 3144 enim

291 3191 361 3230 nunc
384 3173 456 3229 illius
478 3175 558 3231 verba
581 3175 646 3232 mibi
669 3176 760 3232 aridirc
783 3186 811 3233 et
833 3179 958 3252 spiritum
981 3177 1095 3234 babere:
1120 3177 1156 3233 ‘Si
1179 3176 1312 3233 exaltatus
1335 3175 1418 3232 luerit
1439 3184 1469 3230 ut
1484 3172 1574 3248 aquila

290 3267 317 3314 et
340 3260 411 3315 inter
433 3260 520 3316 sidera
542 3262 665 3335 posuerit
688 3262 779 3318 nidum
803 3281 894 3325 snum,
929 3273 959 3319 ut
986 3282 1035 3338 per
1064 3263 1174 3319 verbum
1200 3261 1302 3318 ‹loniiui
1332 3261 1391 3317 inde
1419 3260 1573 3316 deiiciamus

256 3357 355 3401 ancum
378 3345 608 3419 praedieevunsque
630 3347 845 3404 abominationes
869 3349 953 3422 ipsius
976 3348 1131 3423 iritpbandas
1158 3356 1186 3404 ct
1208 3348 1339 3421 pessbuas
1362 3346 1487 3402 omnibns
1509 3362 1574 3418 gen·

291 3428 378 3493 tibus,
413 3437 440 3485 et
462 3430 590 3487 iaciamus
614 3432 816 3489 obsecrationes
838 3434 871 3488 ad
898 3435 1037 3490 (lominum
1060 3435 1147 3491 lesum
1169 3434 1318 3493 Christum,
1354 3431 1399 3505 qni
1428 3439 1471 3486 est
1492 3438 1574 3504 caput

289 3514 409 3571 ecelesiae
432 3533 492 3588 epure
515 3525 557 3571 cst
578 3533 678 3591 corpus
701 3516 789 3580 illius,
820 3528 850 3574 nt
871 3520 997 3575 conficiat
1018 3538 1079 3576 eum
1102 3537 1224 3593 spumam
1247 3519 1303 3575 oris
1326 3518 1382 3579 sui,
1411 3515 1573 3589 deiiciatque

289 3618 321 3655 ex
336 3600 432 3662 astris,
456 3600 501 3655 nbi
518 3601 644 3659 exaltavit
666 3602 764 3659 solium
787 3622 879 3666 suum,
902 3605 935 3661 de
959 3613 1050 3661 virente
1074 3605 1241 3666 testamenti,
1265 3603 1443 3675 detrahatque
1466 3602 1494 3656 in
1509 3617 1574 3675 pro·

290 3685 402 3741 tundam
425 3685 489 3748 laci,
514 3696 541 3742 ot
563 3688 644 3743 iaciat
666 3688 829 3763 babylonem
853 3688 939 3750 illam,
964 3691 988 3745 id
1011 3699 1053 3746 est
1076 3690 1149 3747 illam
1171 3692 1255 3746 lacem
1279 3687 1399 3744 ultimam
1421 3687 1574 3743 enrtisano·

255 3782 364 3834 eruin,
399 3770 469 3827 sicut
490 3773 623 3829 subvertit
645 3774 771 3830 domiuus
793 3775 936 3831 Sodomam
964 3784 992 3832 ct
1015 3777 1187 3839 Gomorram,
1221 3782 1251 3830 ut
1279 3773 1369 3829 salvus
1397 3772 1433 3828 sit
1459 3771 1573 3846 spiritus

290 3873 385 3913 eorum
407 3856 434 3911 in
456 3857 500 3913 die
523 3858 621 3914 iudicii.
665 3858 729 3915 bam
753 3860 804 3916 iste
826 3869 869 3917 est
891 3862 931 3916 vir
952 3862 999 3935 qui
1021 3862 1194 3918 conturbavit
1223 3868 1336 3920 terram,
1366 3858 1413 3932 qui
1434 3857 1574 3914 concussit

288 3959 385 4014 regua,
419 3942 464 4015 qui
494 3943 708 4016 posuit'orbem
737 3945 889 4009 desertum,
924 3948 969 4021 qui
994 3947 1092 4004 occidit
1113 3949 1214 4004 animas
1237 3962 1297 4019 quae
1325 3961 1380 4000 non
1409 3944 1572 4004 moriuntur,

288 4027 334 4101 qni
356 4035 388 4082 ut
410 4044 509 4102 cumps
531 4037 681 4103 aucupatus
704 4037 746 4085 est
774 4032 912 4103 preciosas
940 4033 1057 4095 animas,
1091 4050 1142 4107 pro
1170 4032 1268 4106 quibus
1297 4029 1420 4086 Christus
1448 4036 1573 4085 nrortuus

287 4121 344 4173 est,
369 4112 414 4185 qui
436 4112 511 4184 virga
534 4131 582 4170 sua
603 4115 700 4171 cecidit
720 4117 838 4189 populos
862 4118 888 4173 in
912 4118 1018 4180 lurore,
1041 4118 1122 4192 plaga
1143 4116 1299 4177 insanabili,
1322 4115 1491 4171 anathemate
1512 4130 1573 4169 cru·

255 4196 445 4254 tndelissimo'.
483 4198 539 4254 lloe
561 4200 630 4272 apruvl
654 4199 800 4257 llntteuum
824 4211 851 4258 ct
873 4202 975 4259 Esaiam
1000 4204 1160 4279 prophetam
1182 4202 1280 4259 luisset
1303 4200 1330 4256 in
1354 4200 1475 4256 ordinem
1502 4198 1572 4253 redi-

288 4300 352 4355 gere
375 4283 537 4355 pontilicem.
572 4284 604 4339 Et
625 4286 685 4341 vlico
709 4286 756 4342 tibi
781 4288 893 4343 ‘securis
916 4289 947 4344 ad
970 4290 1086 4346 radicem
1109 4291 1159 4345 iam
1183 4288 1272 4362 posita
1294 4293 1344 4341 est.
1381 4284 1506 4341 dominus
1528 4301 1572 4339 ex·

288 4367 422 4423 ercituum
437 4368 563 4431 decrevit,
586 4378 614 4426 ct
635 4371 697 4444 quis
719 4373 822 4444 poterit
844 4373 999 4430 iulirmarc‘l
1021 4383 1049 4431 et
1064 4392 1158 4432 marrus
1174 4374 1232 4429 eins
1248 4380 1370 4432 extenta,
1393 4370 1454 4444 quis
1469 4377 1573 4425 avertet

288 4454 364 4508 eam‘l
386 4453 512 4509 dominus
534 4454 600 4511 «leus
623 4454 729 4512 locutus
753 4467 808 4519 est,
833 4459 893 4533 quis
916 4477 970 4515 unu
994 4459 1195 4534 prophetabitl’

353 4533 450 4614 [tlte]
496 4555 545 4595 ea.
570 4540 714 4598 Hnttenns
736 4545 885 4600 maledixit
904 4548 1048 4616 pontifici,
1079 4562 1131 4602 nec
1153 4546 1240 4601 ullam
1262 4560 1388 4600 muscam
1410 4542 1573 4597 Romanen-

253 4629 346 4678 ttsem
369 4625 448 4679 lesit.
517 4643 566 4681 o'r.
590 4625 688 4683 Eorum
712 4628 805 4684 urbem
828 4630 934 4703 quidem
957 4648 1012 4687 nou
1034 4632 1160 4694 exscidit,
1184 4648 1239 4687 non
1261 4630 1373 4686 vastavit
1401 4627 1522 4684 colonias
1544 4635 1573 4683 et

288 4709 489 4781 possessiones,
513 4711 559 4766 sed
583 4729 631 4768 nec
654 4731 771 4787 uuquam
793 4714 901 4771 volebat
922 4724 1042 4773 vestare:
1068 4716 1191 4774 clamavit
1212 4723 1301 4772 antem
1324 4715 1451 4771 audacter
1473 4714 1570 4787 impios

288 4802 316 4847 et
338 4794 521 4851 bnticbristos
544 4815 603 4852 esse
626 4806 653 4853 ct
675 4806 779 4872 pestem
801 4801 956 4875 reipublicae
979 4803 1138 4860 Christianae
1161 4821 1234 4866 esse;
1257 4797 1380 4859 clamavit
1402 4808 1430 4856 et
1446 4800 1521 4861 t'lct'l·
1545 4808 1573 4855 ⁰1

288 4894 359 4935 nunc
380 4879 523 4937 delmrctns
545 4881 643 4939 clamat
665 4893 692 4939 ct
714 4885 871 4959 triumphat.

353 5009 488 5077 ³pr0t'eu.
505 5016 531 5066 3.
567 5012 744 5067 ⁴streuued.
781 5015 932 5086 'euspicio
946 5025 971 5073 3.
1007 5023 1122 5090 ⁹pvetie
1136 5027 1161 5075 3.
1196 5022 1414 5075 ⁸⁰nefoudee3.
1450 5020 1472 5055 ³⁹
1491 5021 1572 5072 eveel·

287 5095 328 5146 dit
346 5099 372 5146 3.
413 5096 435 5130 ⁴⁵
448 5100 552 5151 excidit
565 5102 591 5151 3.
636 5108 639 5116 ’
