3934 6034
440 702 637 754 CCCXXXIH.
651 717 769 753 sinuati
783 718 884 755 enasset
898 719 1040 755 anteusus
1053 718 1226 754 serenantes
1239 719 1370 754 fluerent.
1471 688 1544 760 267

266 891 389 949 corpore
410 877 514 935 misere
536 876 643 948 offecto
657 893 772 950 semper
786 879 901 935 versari
918 878 947 933 itt
964 877 1159 951 ltqpocattstis.
1192 877 1310 937 Interea
1329 878 1453 936 discedit
1465 877 1613 937 teat-su.

266 987 348 1036 tenus
376 978 566 1036 illiltlutsium,
616 988 723 1036 ttetrrot
747 979 999 1053 Eppltcndorpius
1026 995 1113 1051 quam
1136 978 1268 1050 feliciter
1292 981 1412 1053 elapsus
1438 988 1549 1038 essete

262 1083 416 1155 periculis.
457 1097 493 1139 ca
516 1099 563 1139 res
583 1081 656 1138 milti
676 1083 848 1153 uoluptatem
870 1082 980 1139 attttlit:
1014 1083 1092 1139 lestis
1113 1083 1190 1140 euim
1208 1098 1270 1140 esse
1286 1089 1382 1156 potest
1403 1081 1548 1156 Epplten-

268 1186 407 1258 amplus,
429 1200 474 1241 me
494 1184 526 1240 id
544 1185 680 1256 temporis
701 1185 788 1240 etiam
809 1185 907 1241 auimo
927 1184 1038 1241 solicito
1056 1182 1152 1255 sitisse
1173 1186 1282 1257 nequid
1300 1187 1450 1244 accideret
1467 1185 1548 1245 Hui-

242 1295 332 1345 steno
350 1304 435 1345 secus
451 1302 539 1359 quam
563 1287 706 1344 vellemus.
744 1285 849 1357 Itaque
870 1301 957 1358 quum
979 1303 1012 1343 eo
1033 1287 1184 1345 rediturus
1201 1293 1275 1345 esset
1289 1287 1575 1363 Rppltendorpiusi.
1586 1296 1614 1341 ¹¹.

267 1392 452 1448 oneravimus
472 1403 538 1446 eum
558 1387 722 1457 mtttttlttlis,
743 1388 914 1445 admoneret
931 1386 1105 1459 llttltertum,
1126 1406 1163 1447 tte
1184 1391 1340 1448 securitate
1360 1407 1416 1448 sua
1439 1393 1549 1450 ueniret

268 1494 298 1550 t'n
319 1492 442 1564 aliquod
459 1491 639 1564 periculam,
661 1505 719 1546 uon
743 1491 820 1546 euim
843 1490 941 1547 deesse
964 1492 1015 1562 qui
1036 1498 1215 1550 sentirentur
1235 1494 1331 1562 illum,
1354 1493 1474 1552 ltaicret
1491 1510 1546 1551 stt-

267 1602 367 1668 specla
389 1596 496 1653 omitia.
533 1591 694 1649 Aetliderut
713 1591 840 1650 liltcllam
860 1592 1008 1665 quendam
1030 1594 1060 1650 iu
1078 1594 1222 1653 medicum
1240 1594 1327 1652 notus
1344 1595 1437 1667 urhis,
1454 1599 1548 1671 plane
1557 1606 1576 1655 i.
1586 1606 1616 1649 ¹2.

267 1697 434 1754 ridiculum.
476 1694 609 1752 tairttlttr
634 1694 718 1767 opud
738 1693 1021 1768 Epplcndorpium,
1049 1696 1128 1754 uude
1153 1698 1198 1755 illi
1221 1698 1251 1755 itt
1275 1697 1387 1764 morito,
1415 1700 1445 1756 itt
1466 1706 1548 1757 tauta

234 1813 368 1856 torcium
397 1800 534 1870 uuquslitt
561 1804 672 1854 tantum
696 1798 767 1866 ocii,
796 1802 827 1854 ut
851 1797 967 1854 luderet
990 1797 1097 1855 talibas
1124 1798 1236 1857 libellis.
1279 1798 1442 1873 Respondit
1466 1803 1548 1859 illum

268 1901 374 1959 talibus
401 1903 472 1958 iocis
499 1916 625 1958 aeocttre
652 1899 782 1956 animum
807 1914 900 1957 sturm.
941 1898 1078 1970 Mallem,
1106 1902 1240 1973 iuquam,
1269 1903 1352 1961 illum
1380 1903 1438 1962 lute
1463 1909 1549 1962 telate

266 2004 323 2063 silei
343 2004 486 2076 deliqeret
506 2001 629 2075 aliquod
647 2007 865 2073 arqumctttum,
892 2002 922 2058 in
947 2017 1005 2073 quo
1024 2018 1128 2060 uetitos
1145 2018 1244 2060 omues
1268 2005 1381 2076 ittqenii
1398 2006 1548 2079 expediat,

267 2116 295 2164 et
312 2124 368 2182 per
389 2106 469 2178 quod
488 2104 600 2162 liouesti
620 2104 744 2162 nominis
764 2105 934 2162 memoriam
954 2107 1132 2163 transmittat
1152 2106 1195 2164 ud
1209 2111 1349 2179 posteros.
1387 2106 1549 2182 Respondit

268 2209 517 2283 Eppltcttdorpius
540 2208 620 2264 illum
644 2213 732 2264 totum
760 2206 791 2262 itt
812 2205 867 2263 ltoc
891 2222 967 2277 esse,
993 2213 1025 2264 ut
1048 2210 1144 2266 stilum
1170 2209 1339 2267 absolueret.
1381 2208 1456 2267 lltcc
1477 2210 1614 2274 dumont.

235 2328 320 2383 tseqo
341 2312 468 2385 simplex
491 2318 520 2367 et
544 2309 692 2367 candidus
718 2309 830 2366 atttieus
852 2309 962 2367 solicite
983 2325 1067 2368 uerso
1084 2327 1143 2383 pro
1162 2326 1224 2369 meo
1247 2310 1388 2376 Matieno,
1411 2312 1490 2370 redit
1510 2312 1548 2369 alt

266 2416 316 2472 illo
336 2413 585 2487 Eppltentlorpius
610 2412 797 2468 ctttnuncitms
817 2409 977 2468 Rattenum
997 2411 1180 2471 veliementer
1205 2415 1236 2471 iu
1257 2429 1303 2471 me
1323 2413 1503 2473 stomacltari
1522 2421 1551 2473 et

266 2517 363 2574 nescio
384 2515 457 2588 quid
477 2516 586 2573 atrocis
606 2514 698 2571 libelli
713 2512 870 2570 adeersum
892 2527 937 2571 me
956 2513 1066 2572 ladem
1085 2515 1116 2572 t'tt
1134 2515 1278 2574 manilius.
1312 2515 1359 2574 Ea
1378 2533 1427 2575 res
1446 2523 1479 2574 ut
1496 2517 1549 2575 olt-

265 2620 329 2691 tiqit
356 2624 469 2691 prtetet·
499 2617 634 2674 nterilum
663 2622 692 2673 et
719 2616 964 2688 expectationem,
994 2618 1120 2675 monitate
1145 2619 1211 2692 ipsa
1236 2620 1392 2692 percelluit
1417 2620 1547 2677 animum

265 2736 369 2778 meum.
408 2718 538 2791 Roqanti
556 2718 630 2791 quid
642 2724 716 2775 esset
728 2733 841 2783 causeo,
863 2718 1014 2791 respondit
1029 2718 1279 2795 Eppltettdorpius
1293 2721 1348 2780 ltoc
1367 2737 1454 2781 urere
1469 2723 1548 2780 illius
1557 2727 1576 2777 i.
1587 2729 1615 2772 it.

230 2825 411 2892 ultitimum,
434 2821 513 2894 quod
538 2836 595 2878 nou
615 2825 689 2878 esset
709 2819 854 2878 admissus
876 2820 919 2878 ad
938 2822 1123 2895 colloquium.
1167 2822 1268 2896 Atqui,
1290 2824 1425 2897 inquam,
1447 2823 1548 2883 aiebas

265 2927 347 2982 illum
375 2924 430 2982 ltoc
457 2923 524 2982 loni
551 2925 713 2980 consulere.
762 2922 884 2992 Verum,
913 2924 1020 2996 iuquit,
1048 2924 1102 2982 sed
1125 2931 1339 2998 posteaquam
1362 2925 1447 2998 abiit,
1474 2928 1548 2985 mire

265 3029 353 3100 capit
372 3026 497 3098 aliendi,
521 3042 574 3083 nee
596 3025 711 3083 uidetur
730 3041 816 3098 posse
831 3025 965 3097 placari.
998 3024 1065 3083 Iam
1085 3028 1110 3083 is
1130 3042 1232 3084 rumor
1249 3028 1340 3086 latius
1353 3030 1440 3087 etiam
1455 3037 1619 3103 spor-§.tu

263 3129 397 3201 petatur,
420 3130 496 3186 atico
518 3135 548 3185 ut
565 3126 678 3185 Boetius
696 3142 810 3200 quoque
823 3124 986 3184 theuonus
1005 3129 1134 3187 solicitus
1152 3129 1250 3187 adiret
1269 3145 1324 3188 me.
1365 3131 1391 3188 is
1410 3148 1456 3190 me
1471 3149 1547 3206 per-

265 3234 393 3290 mittente
408 3233 576 3289 accersite!
590 3228 864 3303 Epplendorpittm.
900 3232 1082 3288 consultatur
1104 3231 1141 3289 de
1163 3223 1301 3292 remedio.
1343 3236 1486 3308 respondi
1503 3251 1549 3293 me

230 3350 322 3392 terion
342 3352 427 3408 posse
445 3340 594 3407 praestare
614 3331 687 3403 quid
707 3329 777 3388 ltuic
797 3335 850 3388 aut
869 3332 916 3389 illi
934 3330 1027 3389 sultito
1046 3334 1144 3390 ueniat
1162 3336 1192 3391 itt
1213 3341 1355 3403 mentem·
1385 3337 1458 3395 milti
1477 3339 1549 3396 satis

265 3438 427 3510 essequod
447 3437 576 3494 uttiruum
597 3439 735 3509 prastem
756 3434 807 3490 cui
825 3447 909 3491 memo
929 3436 1032 3491 merito
1053 3437 1145 3508 possit
1165 3438 1265 3496 irasci.
1302 3437 1386 3495 ‘llam
1408 3439 1488 3512 quod
1507 3440 1550 3498 ad

264 3541 438 3612 colloquium
461 3540 575 3607 ttltiuet,
598 3543 629 3594 tu
646 3537 713 3593 scis‘
735 3537 855 3608 iuquam
874 3534 1114 3610 ‘Eppltcttdorpi,
1136 3555 1224 3612 quam
1246 3542 1359 3599 nullam
1381 3540 1489 3601 ltnbeat
1515 3544 1545 3600 itt

264 3659 310 3700 me
329 3640 535 3700 stornucltaudi
554 3634 693 3698 causam'
733 3638 831 3696 Visum
851 3645 895 3696 est
915 3639 987 3709 illis,
1013 3645 1045 3697 ttt
1067 3639 1213 3699 Halteuus
1233 3648 1390 3715 autequam
1410 3645 1547 3718 prodiret
1556 3652 1575 3700 i.
1585 3654 1614 3699 ts.

263 3745 345 3810 tiber,
371 3746 473 3817 aliqua
496 3747 670 3816 plecteretur
688 3742 820 3814 epistota.
858 3739 1010 3814 Respondi
1028 3742 1102 3800 milti
1120 3744 1216 3802 uideri
1240 3747 1379 3819 optimum
1405 3747 1546 3805 dissimu-

228 3850 346 3905 mtore:
379 3862 448 3904 nam
468 3846 610 3904 eiusmodi
627 3846 747 3916 ittpenia
766 3851 826 3901 tum
848 3845 977 3902 manime
994 3843 1141 3916 ferocire,
1166 3846 1258 3919 siquis
1275 3853 1396 3906 conetur
1410 3851 1545 3922 placare.

263 3965 351 4022 quum
373 3951 418 4007 illi
439 3949 635 4007 consentirent
655 3962 674 4004 tt
694 3962 740 4004 me
761 3947 975 4018 dissentientes,
999 3941 1132 4021 *scripsi
1150 3946 1278 4007 llulteno
1299 3965 1393 4009 meum
1415 3953 1545 4010 animum
1556 3959 1613 4008 §.¹⁷-

263 4053 373 4109 uultins
393 4053 466 4109 mali
481 4050 537 4108 silti
556 4051 704 4108 conscium
722 4065 801 4117 esse‚·
831 4050 930 4122 siquid
947 4048 1176 4120 salsodelatum
1196 4057 1271 4109 esset
1289 4059 1342 4109 out
1361 4055 1473 4127 alioqui
1491 4071 1546 4112 su-

262 4156 444 4227 spicaretur,
471 4155 674 4227 expostularet
694 4153 837 4226 priuatim
864 4167 921 4225 per
948 4153 1118 4225 epistolam:
1153 4168 1198 4211 me
1220 4168 1277 4210 uon
1300 4155 1449 4227 dttltitare,
1476 4158 1547 4229 quia

262 4258 308 4314 illi
331 4272 390 4329 per
418 4258 515 4313 omniu
543 4252 754 4325 satisfacturus
780 4268 880 4311 essem.
930 4255 1134 4312 consideraret
1159 4256 1275 4314 interim
1298 4250 1361 4314 *att
1390 4258 1445 4317 ltoc
1469 4260 1548 4332 quod

228 4370 254 4408 ³⁵
263 4361 422 4426 moliretur,
451 4359 629 4417 conduceret
652 4357 780 4431 piraticis
805 4355 922 4426 studiis,
951 4359 1071 4428 nepocio
1094 4360 1262 4430 evaupelico
1289 4374 1326 4416 ac
1350 4359 1437 4419 relus
1458 4364 1545 4419 etiam

262 4463 366 4534 ipsius,
396 4468 426 4518 ut
445 4469 504 4518 tum
525 4460 679 4519 anbelant.
723 4458 788 4516 Non
811 4473 856 4515 me
882 4473 947 4515 mea
971 4456 1085 4529 fefellit
1109 4461 1224 4532 opinio:
1259 4454 1382 4519 *retulit
1400 4461 1613 4537 appeten-sss.

263 4563 386 4636 tlorpius
412 4565 563 4635 epistolam
585 4564 815 4621 tttrocissimum:
845 4561 904 4617 iam
927 4560 1004 4617 cuim
1023 4561 1212 4620 existimabat
1230 4578 1276 4621 me
1296 4562 1439 4623 nominem
1458 4568 1545 4625 meti-

262 4667 392 4722 culosum
409 4664 571 4735 formidine
591 4672 732 4731 tremere,·
764 4658 781 4695 *
783 4664 924 4737 proponit
945 4664 1058 4734 aliquot
1075 4665 1176 4738 capita
1192 4665 1362 4734 criminum,
1384 4669 1463 4740 quod
1482 4669 1543 4726 Ca-

260 4769 388 4840 pilouem
409 4766 555 4840 Cttpniotii
581 4768 611 4824 ia
638 4768 730 4824 literis
752 4764 906 4823 Hebraicis
927 4767 1131 4837 protulerim·
1164 4767 1244 4840 quod
1265 4769 1361 4842 ipsum
1384 4769 1543 4829 Haltemtm

228 4870 294 4925 triu
314 4870 435 4941 epistola
458 4870 501 4926 ad
519 4868 726 4927 llocltstratum
744 4867 994 4940 perstrinxerim·
1026 4868 1105 4941 quod
1125 4870 1270 4943 Capitioni
1291 4873 1428 4944 pertidia
1449 4874 1544 4932 lttltem

327 5050 338 5082 ¹
357 5054 504 5103 iltilltausett
556 5055 566 5085 b
585 5050 727 5119 medicum]
748 5051 897 5102 Ossuldum
914 5052 1034 5103 Berum'l
1058 5053 1091 5103 de
1110 5069 1162 5119 quo
1180 5055 1242 5106 vide
1261 5070 1344 5122 supra
1363 5072 1388 5123 p.
1402 5056 1460 5109 213.
