3934 6034
423 654 495 725 292
599 670 796 722 cccxxxm.
817 686 935 722 soonoln
949 687 1052 722 annom
1066 690 1208 725 novensis
1222 691 1392 726 nsrsntnnss
1407 691 1538 726 averem.

357 846 530 919 §.isnipsmn
552 861 632 903 neme
653 848 745 905 solam
767 855 795 905 el
816 852 933 905 tneaiar
948 852 977 905 el
992 850 1063 906 nlnt.
1098 847 1179 906 b'ileil
1195 864 1325 920 reeeaaam
1345 849 1488 908 damnari
1499 848 1625 909 Latleeri
1644 848 1711 906 odio

424 949 504 1022 qnod
524 956 603 1007 reete
624 948 733 1006 diction
754 957 841 1020 esset,
870 966 924 1007 nee
944 966 1075 1023 eeeeqaam
1099 950 1270 1024 approbabo
1298 952 1376 1008 illias
1404 967 1505 1010 amore
1533 952 1613 1025 pand
1639 950 1713 1008 mibi

422 1068 505 1110 secas
527 1052 636 1110 dictam
659 1051 782 1109 eidetar.
826 1049 860 1108 Si
876 1050 1001 1122 fecissem
1024 1054 1070 1109 illi
1091 1053 1207 1111 innatas
1235 1058 1287 1110 atet
1314 1054 1392 1109 illias
1413 1054 1578 1123 sodalibus,
1613 1061 1710 1111 tamea

422 1153 567 1212 laadatnr
586 1155 611 1211 is
630 1155 682 1226 qai
700 1155 854 1226 resipiscit.
895 1172 975 1214 nnnc
996 1171 1042 1212 me
1064 1154 1237 1214 dehortante
1256 1172 1304 1212 res
1325 1155 1390 1213 leeee
1408 1163 1506 1230 crepta
1526 1160 1583 1214 est:
1603 1161 1712 1212 norant

355 1270 423 1321 sess.
435 1255 489 1312 boc
510 1257 639 1329 impense
658 1255 824 1314 Lntbernni
842 1259 1005 1330 petoredam,
1033 1275 1112 1315 retine
1134 1259 1236 1330 petales
1256 1260 1315 1314 sint
1335 1261 1440 1316 nescio.
1488 1257 1565 1328 (laid
1592 1260 1622 1314 in
1645 1256 1731 1315 let-⁵

423 1359 506 1417 tbero
526 1360 690 1429 metuerim,
714 1358 850 1417 declarat
870 1362 925 1418 illa
942 1362 1044 1434 prima
1064 1363 1188 1435 epistola
1209 1376 1298 1433 antem
1319 1360 1361 1418 nd
1380 1362 1462 1418 itlnrn
1483 1362 1593 1434 scripsi
1599 1381 1608 1417 .·
1630 1360 1711 1417 *de-

422 1462 521 1519 sidero
542 1463 573 1518 in
593 1460 717 1518 Latberi
740 1463 859 1535 scriptis
879 1462 1051 1521 modestiam
1073 1471 1102 1521 et
1122 1462 1373 1522 mansuetudinem
1397 1465 1613 1535 ereanpetiean
1645 1470 1713 1520 noto

420 1566 622 1638 pervicaciam
638 1564 845 1631 asseverandi·
867 1564 972 1622 eadem
995 1581 1051 1637 qno
1072 1567 1168 1638 napis
1187 1568 1216 1622 in
1235 1582 1269 1624 ea
1291 1565 1471 1637 desiderem,
1490 1565 1614 1638 saciant
1634 1567 1713 1623 illins

425 1667 528 1736 libelli,
561 1668 613 1739 qai
630 1666 780 1739 prodeant
806 1667 901 1726 indies
924 1671 1097 1739 atrociores,
1130 1670 1217 1727 etiam
1242 1671 1272 1726 in
1294 1683 1419 1725 snemneos
1436 1670 1606 1743 principes,
1641 1682 1713 1741 qnos

357 1785 423 1835 §.tsi
436 1770 539 1843 areales
561 1770 663 1841 petales
683 1775 767 1838 sant,
789 1785 846 1826 reon
868 1771 1046 1845 enpediebat
1063 1774 1171 1829 iritari.
1208 1770 1272 1827 *Et
1290 1772 1366 1828 inter
1388 1772 1497 1830 cemicas
1519 1772 1621 1830 dolens
1649 1772 1746 1829 ali-¹⁰

425 1875 535 1946 areolies
556 1872 689 1929 dirime
711 1872 847 1930 dubitare
868 1873 905 1930 cle
926 1874 1034 1947 spirito
1056 1876 1148 1943 illias,
1179 1890 1232 1931 nee
1258 1889 1388 1946 terronam
1413 1880 1509 1931 tamen
1536 1881 1617 1932 certo
1634 1888 1712 1948 pro-

425 1976 573 2034 nunciari.
614 1973 678 2032 Hoc
698 1980 809 2033 tantam
832 1975 973 2033 leactenns
995 1977 1128 2034 indicari
1148 1977 1185 2033 de
1204 1975 1333 2033 Lntleero
1353 1983 1381 2033 et
1403 1978 1432 2033 in
1455 1993 1489 2033 eo
1510 1978 1712 2035 constantissi-

425 2095 488 2137 mnes
506 2077 571 2150 sni,
592 2078 723 2151 scre‘ptis,
746 2076 842 2147 dictis,
863 2080 954 2145 ctam,
975 2080 1137 2152 palanaae
1156 2080 1261 2136 tradem
1279 2082 1447 2150 testificans.
1487 2077 1544 2137 ilbi
1560 2085 1603 2137 est
1623 2079 1714 2150 ipitar

426 2184 482 2239 ista
502 2180 647 2239 mirabilis
666 2182 864 2237 inconstantia
886 2176 974 2238 neca?
1005 2197 1106 2238 vereor
1127 2198 1164 2238 ne
1186 2183 1256 2238 istos
1279 2183 1375 2254 napis
1397 2181 1531 2252 offendat
1550 2196 1617 2238 mea
1637 2193 1712 2237 con-

358 2286 555 2350 §.instantia
587 2281 657 2340 ‘Sed
674 2283 805 2340 orneribns
822 2282 908 2340 rebas
929 2284 1055 2353 omissis,
1076 2291 1150 2342 totas
1166 2283 1255 2355 seror
1273 2285 1302 2341 in
1318 2281 1508 2342 Latbernm':
1523 2284 1618 2341 islbrec
1632 2281 1713 2340 Ilat-
1724 2292 1747 2332 ¹⁵

425 2396 508 2446 teneas
524 2387 637 2445 andioit
651 2402 691 2442 en
711 2393 876 2460 compotore
896 2389 1052 2460 precipiam
1072 2403 1171 2444 aenean
1188 2388 1232 2444 rel
1247 2404 1287 2444 es
1304 2386 1415 2444 ricleate
1430 2388 1479 2445 illo
1497 2400 1551 2442 sna
1568 2383 1714 2457 Epplnen-

427 2491 533 2564 clorpio
554 2489 667 2547 discere
683 2490 780 2562 potnit
801 2505 846 2547 me
866 2496 925 2547 teern
955 2490 1030 2547 nibil
1053 2492 1149 2547 minas
1177 2504 1267 2561 apere
1295 2506 1384 2562 qnam
1412 2489 1467 2546 leoc
1495 2487 1575 2561 qeeod
1602 2486 1713 2544 obiicit:

427 2594 485 2650 inm
506 2601 575 2648 torre
596 2607 733 2663 apresens
757 2607 840 2649 eram
855 2592 1074 2667 paraphrasim
1095 2594 1124 2651 in
1142 2591 1270 2661 Lucan,
1292 2593 1322 2649 in
1338 2608 1398 2664 aaa
1412 2598 1486 2648 totas
1506 2605 1604 2659 eran,
1625 2590 1713 2662 qaam

428 2695 508 2752 lraree
539 2692 717 2765 trapn’dinm
749 2695 941 2753 exordiretnr
972 2694 1132 2766 Haltenas,
1166 2700 1374 2767 prapapnator
1401 2693 1566 2765 eranpele'er'
1591 2693 1714 2764 nepocii.

358 2816 426 2866 §.ns
439 2797 594 2856 ‘Cceteram
612 2798 640 2853 in
661 2798 799 2869 antedopo
815 2800 954 2870 promitto
972 2805 1031 2854 tres
1053 2798 1186 2868 dialapas
1209 2797 1350 2853 adversas
1367 2793 1553 2852 Lietleerane':
1572 2794 1747 2868 proferam

428 2900 501 2958 milei
521 2899 576 2956 leoc
598 2899 716 2957 verbnm
743 2917 783 2957 ee·
802 2901 920 2973 scriptis
942 2902 1013 2958 meis
1040 2901 1182 2958 adversas
1205 2898 1375 2959 Latleernm.
1414 2899 1462 2954 aio
1486 2896 1523 2955 da
1544 2897 1716 2956 Lntleernno

427 3004 548 3075 reepocio
569 3004 759 3060 ‘collationem
785 3005 901 3076 appello
924 3004 1020 3060 acrias
1047 3018 1137 3075 qeeam
1163 2998 1420 3075 dispateetionerre';
1451 3007 1479 3058 el
1500 3014 1549 3057 eos
1571 3000 1620 3057 aio
1640 3014 1715 3056 con-

428 3112 525 3179 ceptos
546 3105 642 3176 napis
662 3119 751 3177 qream
773 3106 915 3178 inceptos,
939 3122 993 3163 nec
1016 3105 1174 3162 admodum
1198 3106 1227 3160 in
1251 3106 1350 3161 cerebrm
1370 3120 1432 3160 esse
1450 3104 1614 3176 perficere·
1638 3100 1719 3174 qaod

428 3211 455 3266 si
469 3206 644 3282 perfecero,
668 3222 726 3264 non
743 3207 915 3280 prodituros
935 3210 993 3266 nisi
1014 3207 1165 3265 crateribus
1186 3206 1231 3264 bis
1247 3221 1371 3278 ancoram
1388 3207 1521 3263 intererit
1527 3226 1538 3272 ,·
1557 3213 1586 3262 el
1600 3205 1716 3262 interim

360 3332 427 3383 §.ton
440 3325 541 3370 moneo
556 3312 706 3380 lectricem,
727 3326 763 3366 ne
778 3326 817 3367 en
835 3309 894 3368 leae
905 3312 1118 3384 pollicitatione
1134 3309 1237 3381 [recitet
1250 3308 1471 3382 proiecticiam.
1504 3307 1637 3365 Primam
1656 3307 1716 3380 ipi-
1726 3319 1751 3358 es

430 3422 478 3472 tar
498 3429 556 3470 non
574 3414 701 3486 promisi
717 3412 769 3469 bos
789 3412 939 3485 dialopos.
963 3420 991 3470 et
1010 3414 1037 3469 si
1053 3414 1193 3485 promisi,
1213 3427 1270 3469 reon
1289 3412 1414 3485 promisi
1426 3413 1550 3483 popolo,
1575 3410 1629 3468 sed
1641 3424 1716 3483 pon·

428 3518 544 3588 illiciet
563 3516 691 3586 Ctesari,
716 3521 747 3573 at
767 3514 871 3572 baram
896 3513 1020 3572 arbitrio
1042 3517 1087 3572 rel
1110 3520 1289 3588 premantia·
1316 3516 1360 3572 rel
1382 3512 1539 3580 aedantar;
1569 3520 1598 3570 et
1618 3514 1648 3569 in
1672 3511 1719 3570 bis

428 3627 525 3677 tamen
546 3619 685 3692 promitto
709 3633 851 3675 sommam
873 3634 948 3690 erpa
969 3616 1129 3674 Lntleeram
1152 3619 1328 3690 temeritatem.
1371 3614 1427 3685 [lai
1446 3618 1500 3672 scil
1527 3616 1618 3688 ipitar
1636 3612 1718 3672 Hat-

432 3729 527 3793 tenns,
543 3737 582 3779 aee
598 3719 644 3776 leis
659 3699 785 3793 diaiopis
804 3719 1001 3777 sublevandas
1018 3721 1056 3776 sit
1069 3718 1226 3788 Lntleerns,
1244 3736 1282 3776 an
1300 3713 1505 3791 astlipendas?
1520 3733 1590 3774 eran
1606 3724 1718 3774 alran-

362 3843 497 3899 §.ngane
514 3825 584 3895 fieri
601 3829 705 3898 potest,
727 3839 815 3898 qaiem
837 3824 898 3880 illic
920 3820 1083 3893 adsectarns
1111 3824 1148 3879 sit
1175 3824 1227 3895 qni
1249 3819 1372 3878 latbni
1394 3826 1498 3893 portes
1526 3827 1605 3893 repat.
1649 3819 1752 3877 ionem

432 3928 523 3986 teredio
543 3926 684 4001 qeeosdaen
705 3925 832 3983 dicentes
855 3924 984 3983 ‘Interea
1004 3924 1161 3998 suspendis
1180 3923 1327 3981 leoninam
1349 3926 1476 3994 areimos,
1499 3924 1551 3995 qni
1569 3939 1626 3979 nien
1642 3937 1719 3997 pro-

431 4032 552 4089 nuncies
572 4028 645 4102 qaid
664 4030 773 4087 sentias
795 4028 832 4085 de
849 4026 996 4086 lotbero'.
1040 4028 1173 4085 Primam
1203 4043 1257 4083 nec
1286 4032 1373 4082 anem
1399 4026 1552 4082 intendere
1579 4024 1624 4082 leis
1650 4041 1719 4098 qeete

430 4137 523 4193 medlo
544 4131 645 4191 scribit
662 4130 821 4201 Lnlberns,
854 4134 1082 4200 elaboraret,
1114 4131 1151 4188 de
1177 4136 1234 4186 toto
1261 4130 1381 4200 etepacio
1407 4130 1611 4201 prennencinre
1632 4130 1719 4199 lonae

430 4255 527 4325 snpra
542 4238 618 4295 eires
631 4252 712 4294 meas
725 4241 775 4293 est.
816 4233 892 4304 nield
907 4242 1003 4293 cadem
1013 4227 1231 4308 pronrneeiene?
1253 4234 1280 4289 si
1293 4238 1380 4288 totone
1394 4229 1554 4287 Lntberam
1570 4230 1718 4296 damnem,

431 4343 514 4400 rideo
535 4341 585 4399 cai
600 4342 685 4413 parti
704 4338 817 4396 addam
840 4341 952 4396 animos
973 4343 1001 4394 et
1019 4344 1160 4409 areciretina
1181 4335 1320 4391 boreorarn
1336 4333 1476 4400 obrnone,·
1497 4334 1523 4390 se'
1536 4340 1625 4389 teetian
1638 4346 1751 4406 pro-ss

431 4446 507 4517 bem,
534 4445 664 4518 primiore
690 4441 794 4514 secero
822 4445 1017 4513 arrnpanler,
1050 4439 1102 4510 peri
1126 4436 1249 4511 probem
1281 4453 1349 4508 area
1376 4434 1457 4506 t'orte
1486 4451 1543 4492 non
1578 4436 1717 4507 inlellipo‚

432 4547 565 4606 *deinde
587 4547 738 4605 coniecere
757 4560 802 4602 me
824 4543 1052 4615 intinctionem,
1073 4540 1304 4613 ntemplarirnos
1326 4537 1413 4595 babet
1435 4553 1501 4595 cane
1523 4537 1627 4611 peribas
1647 4537 1722 4595 milei

365 4678 432 4727 §.iso
446 4652 520 4709 nileit
540 4651 622 4707 eelim
645 4664 706 4706 esse
733 4648 906 4705 cornmercii.
959 4645 1017 4715 Oai
1041 4642 1201 4701 Latlecrnm
1231 4641 1370 4711 oderant,
1405 4642 1493 4699 etiam
1525 4655 1570 4697 me
1603 4646 1718 4698 tacente

434 4756 575 4816 oderant:
596 4752 648 4823 qai
665 4749 782 4822 tarent,
806 4764 863 4805 non
886 4749 952 4806 ideo
971 4748 1113 4819 slapitant
1132 4761 1226 4802 meam
1248 4746 1437 4815 sententiam,
1466 4750 1498 4801 at
1519 4757 1635 4815 eerqatem
1659 4760 1719 4799 aa·

434 4859 532 4925 eliani,
558 4853 613 4911 sed
634 4858 665 4910 at
686 4852 815 4910 lenbeanl
835 4868 897 4909 sace
923 4850 1074 4907 sententia
1092 4853 1364 4921 propnpnalorem,·
1392 4848 1418 4902 si
1444 4846 1570 4903 tlieiscra
1596 4851 1753 4903 senten-no

433 4965 518 5029 tinne,
541 4958 656 5029 nteiqae
674 4955 759 5029 penti
779 4955 917 5027 precedam
938 4953 1081 5018 trilneens,
1105 4950 1243 5023 precedam
1263 4950 1413 5011 adimens,
1442 4950 1580 5019 atrinepee
1600 4963 1646 5004 nee
1669 4948 1720 5005 di-

432 5061 626 5126 lacerandam
647 5056 821 5132 preebneea‚
851 5073 904 5114 nec
926 5055 1012 5114 alind
1030 5070 1118 5127 aeram
1148 5070 1234 5109 nescias
1254 5053 1389 5110 cncitaro
1416 5051 1569 5107 terrenitas:
1597 5044 1720 5123 *itaque
