3934 6034
518 701 717 776 cccxxxttt.
739 719 858 754 sronntu
871 719 973 755 nutent
987 721 1131 757 nnvnnsvs
1144 721 1317 758 isernontns
1331 722 1463 758 nursnnt.
1564 691 1633 763 301

351 873 429 930 uiride
444 872 562 944 fatetur
580 881 609 933 et
630 875 775 935 liuttenus
791 876 925 949 [reectum
947 892 1005 936 non
1026 879 1201 939 mediocrem
1219 880 1375 954 proficisci
1396 879 1440 936 ad
1458 896 1546 954 qulam
1562 883 1639 955 pln-

351 977 455 1043 rimas,·
477 977 556 1035 laureo
575 977 710 1050 fructum
733 996 798 1038 ntea
821 983 981 1039 temeritate
997 983 1084 1039 nolim
1103 984 1221 1057 perire,
1244 998 1299 1041 nec
1315 983 1392 1040 ertirn
1407 982 1437 1039 in
1457 982 1543 1039 aliud
1556 999 1640 1040 seruo

351 1094 409 1145 me,
433 1081 492 1137 nisi
512 1087 544 1138 ut
561 1084 683 1155 prosim.
728 1082 903 1156 Exprobrot
922 1086 1024 1153 eliam,
1052 1085 1132 1158 quod
1157 1101 1203 1143 me
1223 1084 1296 1143 mibi
1313 1084 1422 1142 laudat
1439 1082 1580 1158 pontifex
1599 1090 1708 1143 eti-²³8.

350 1182 517 1241 ccadinulis
539 1182 727 1244 Setinneusis.
773 1183 910 1244 ‘Laudat’
939 1187 1034 1259 iniquit
1062 1192 1097 1244 ‘te
1118 1184 1188 1245 tibi’.
1233 1187 1321 1259 attasi
1338 1185 1412 1243 mibi
1432 1187 1499 1244 nitio
1520 1193 1638 1245 uerten-

328 1283 421 1345 sdum
443 1285 480 1341 sit
503 1300 522 1341 a
540 1286 647 1344 talibus
664 1288 801 1360 landari,
827 1303 998 1361 uteunquam
1023 1303 1077 1360 epo
1104 1289 1304 1348 laudationem
1332 1290 1510 1363 interpretor
1531 1289 1638 1349 admo-

351 1388 498 1444 nitionem.
543 1390 655 1448 scilicet
677 1393 776 1464 potius
804 1397 872 1449 erat
892 1390 1092 1462 ambiendum,
1120 1396 1152 1448 ut
1172 1391 1318 1450 laudarer
1343 1391 1380 1449 ab
1400 1390 1536 1453 Hutteno.
1581 1393 1627 1450 uta
1640 1391 1708 1442 §2³⁹-

352 1505 421 1547 turo
441 1490 520 1547 istud
535 1491 740 1564 prodipiosmn
761 1500 816 1564 est,
839 1500 870 1550 ul
890 1492 1046 1552 laudemus
1063 1509 1129 1551 eum
1144 1494 1188 1551 ad
1201 1511 1285 1568 quern
1299 1489 1475 1553 scribimus?
1497 1511 1536 1552 an
1557 1495 1640 1553 Pan-

351 1594 398 1650 lus
419 1609 477 1650 non
499 1593 607 1652 laudat
627 1593 776 1653 Romanos
797 1596 901 1668 ouibus
922 1592 1046 1654 scribit?
1075 1593 1237 1655 ‘Erasmus‘
1261 1598 1356 1670 inqtiit
1377 1595 1520 1655 ‘Romano
1535 1600 1641 1671 ponti-

349 1697 402 1766 fici
419 1712 450 1753 se
472 1693 605 1756 dedidil'.
650 1694 745 1771 quid?
770 1714 809 1756 au
833 1715 962 1772 unquam
980 1696 1044 1769 suit
1065 1700 1140 1757 inter
1162 1715 1215 1757 nos
1234 1699 1356 1770 bellum,
1379 1706 1411 1757 ut
1428 1698 1536 1757 deditio
1554 1698 1642 1771 sactu

319 1794 412 1860 usit?
436 1815 474 1855 an
503 1815 560 1857 non
588 1816 672 1872 auree
700 1800 817 1859 deditus
843 1816 926 1859 eram
949 1800 1055 1871 Leoni,
1082 1817 1140 1859 uon
1169 1801 1327 1860 admodum
1349 1801 1471 1860 laudato
1487 1799 1643 1876 pontifici?

353 1901 522 1960 ‘Polliceris'
545 1904 640 1975 inquit
661 1908 696 1962 ‘le
717 1920 774 1963 non
791 1903 962 1976 defuturum
983 1905 1123 1976 attonitam
1140 1904 1219 1963 sedis
1234 1901 1397 1963 Bomarne'.
1449 1904 1555 1963 Verum
1577 1904 1709 1964 bocina

352 2003 411 2060 illis
432 2004 540 2074 scribo,
564 2005 649 2078 apud
670 2021 741 2079 quos
763 2008 878 2066 delatus
899 2023 981 2065 eram
998 2023 1064 2065 cum
1078 2007 1206 2065 Lulitero
1224 2009 1410 2081 conspirasse
1435 2007 1579 2065 aduersus
1592 2024 1642 2066 se-

353 2107 418 2164 dem
441 2106 615 2165 Romanam.
660 2125 699 2166 an
723 2109 789 2167 idco
807 2111 949 2183 polliceor
970 2125 1016 2168 me
1035 2117 1196 2185 patronum
1218 2109 1399 2183 tyrannidis,
1421 2112 1599 2183 rapacitatis
1616 2116 1644 2168 et

353 2211 479 2268 ciliorum
508 2213 653 2269 malorum
680 2227 748 2285 perce
775 2211 919 2270 Huttenus
945 2212 1043 2272 obiicit
1069 2207 1325 2271 damascensibus?
1360 2214 1417 2271 ino
1441 2228 1498 2271 non
1527 2228 1585 2271 urio
1611 2214 1641 2271 in

320 2314 415 2378 niaco
444 2315 623 2387 interpretor
650 2314 729 2372 sedis
755 2316 836 2373 illins
858 2331 895 2373 ac
915 2317 1063 2388 pontilicis
1088 2316 1259 2388 dipnitalem
1280 2318 1366 2373 sitam
1388 2331 1450 2373 esse
1472 2317 1501 2373 in
1525 2317 1643 2374 uirtuti-

351 2415 404 2473 bus
420 2417 603 2489 apostolicis:
625 2415 694 2475 buic
709 2417 847 2490 dipnilali
860 2419 1003 2493 polliceor
1024 2433 1069 2475 me
1088 2432 1146 2475 non
1162 2416 1345 2489 defuturum.
1391 2417 1439 2474 Ad
1456 2418 1629 2476 subuerten-
1642 2430 1710 2480 sut.

353 2519 423 2576 dnm
446 2521 644 2591 coartpelinm,
667 2527 699 2578 ul
720 2522 763 2578 ait
781 2520 940 2593 Huttenus,
963 2536 1020 2579 non
1036 2521 1168 2579 arbitror
1181 2536 1347 2594 quenquam
1362 2522 1538 2595 pontificma,
1561 2521 1642 2579 dun-

352 2628 439 2679 locul
459 2622 552 2692 ituric,
576 2622 802 2695 imploraturum
820 2638 943 2697 operam
964 2629 1109 2694 nostram,
1128 2630 1157 2682 et
1175 2626 1203 2682 si
1215 2625 1360 2697 eriperet,
1384 2639 1441 2681 non
1451 2631 1641 2698 praestarem.

354 2724 414 2783 b'ec
429 2726 601 2798 cuiusquam
618 2727 768 2800 principis
785 2728 831 2783 ael
851 2734 944 2785 metus
964 2730 1010 2786 ael
1027 2729 1129 2800 pratia
1150 2731 1260 2784 tantum
1283 2726 1367 2800 apud
1385 2743 1432 2785 me
1449 2725 1555 2785 valebit
1571 2743 1631 2784 un·
1644 2737 1711 2787 §.nn

318 2843 458 2901 sopitam,
482 2836 513 2885 ut
532 2829 627 2885 sciens
651 2829 793 2887 adrerser
813 2832 993 2901 eoanpelicte
1011 2831 1128 2888 oerilati
1149 2837 1202 2887 atet
1219 2831 1326 2901 plurim
1341 2828 1458 2887 Christi.
1501 2836 1530 2886 et
1546 2835 1642 2887 tamen

354 2937 397 2988 cst
417 2932 544 2989 alicuius
565 2932 670 3004 opinor
687 2931 859 3005 prodentia
881 2934 925 2990 sic
945 2935 1029 2991 olere
1046 2934 1218 3006 principum
1237 2930 1388 3004 fauorem,
1418 2939 1450 2990 nt
1475 2947 1532 2990 non
1555 2932 1643 2990 dese-

354 3050 407 3091 ras
427 3035 626 3105 eranpclicam
647 3036 814 3101 ueritatem·
840 3042 868 3092 et
895 3037 956 3093 utri
975 3037 1084 3093 rectius
1104 3036 1306 3093 consuluerint
1323 3036 1492 3107 eronpeltco
1513 3037 1642 3107 neqocio,

354 3153 453 3194 rerum
475 3138 572 3194 cuitus
593 3136 798 3212 comprobabit.
844 3137 905 3196 Sed
923 3139 1040 3196 interim
1059 3137 1173 3209 obliquo
1195 3136 1271 3195 dicto
1288 3135 1380 3208 sallo,
1400 3138 1480 3211 quod
1496 3139 1710 3210 pleriquesnn.

354 3242 396 3297 sic
418 3241 659 3313 interpretentur,
683 3256 728 3297 me
750 3240 967 3298 viridicatarum
988 3243 1083 3299 curia
1103 3238 1247 3297 Itonranoe
1268 3242 1314 3297 ius
1336 3241 1514 3299 exercende
1536 3246 1643 3315 turan-

318 3342 449 3414 nsnidis,
472 3343 625 3415 rapiendi,
654 3344 848 3417 anteponendi
867 3360 955 3402 sacra
975 3346 1093 3418 pariter
1114 3360 1152 3401 ac
1167 3342 1316 3417 profana.
1360 3345 1390 3401 in
1412 3343 1581 3403 discrimine
1602 3347 1643 3402 li-

354 3454 400 3503 cet
419 3444 555 3518 ambipuo
583 3444 713 3516 sluttere:
741 3445 840 3504 burriel
865 3448 953 3505 letiam
980 3443 1116 3516 surmem
1145 3447 1309 3505 simularit:
1336 3453 1364 3504 et
1391 3452 1488 3504 tamen
1516 3464 1553 3504 ne
1579 3448 1643 3519 quis

352 3547 426 3620 finili
436 3549 541 3622 possit,
566 3549 756 3622 interpretor,
771 3548 868 3607 scribo
883 3553 937 3606 ‘me
952 3563 1010 3607 nan
1027 3547 1199 3620 defuturum
1214 3550 1279 3607 sedi
1294 3548 1452 3621 Romana,
1474 3550 1502 3606 si
1515 3551 1567 3607 iila
1585 3565 1641 3607 non

356 3651 430 3708 desit
443 3652 548 3722 ctoriae
565 3648 699 3719 t'ltrisli',·
722 3657 776 3709 ‘me
794 3653 839 3709 illi
855 3667 914 3726 pro
934 3653 1015 3709 uirili
1034 3651 1224 3724 adfuturum,
1246 3653 1273 3709 si
1288 3654 1340 3710 illa
1359 3654 1492 3727 synceris
1512 3654 1641 3709 rationi-

355 3754 407 3812 bus
423 3753 587 3827 prooebere
606 3755 718 3811 rtitalur
734 3769 797 3811 rem
811 3752 1032 3826 eoonoelieont.
1077 3753 1253 3813 Huiusmodi
1268 3771 1357 3828 qurum
1379 3756 1475 3814 multis
1496 3756 1567 3812 locis
1582 3756 1630 3811 in·
1644 3766 1711 3815 tau.

321 3860 479 3930 soeulcem,
502 3864 599 3915 tanren
623 3857 788 3915 dissimulat
809 3856 969 3925 Huttenus,·
995 3864 1107 3915 tautum
1129 3864 1249 3916 licitatus
1267 3866 1310 3916 est
1327 3861 1393 3916 locu
1416 3857 1553 3931 quadam
1577 3872 1644 3929 oum

355 3962 543 4035 depravaret.
588 3976 758 4034 quanquam
786 3963 881 4034 mapis
911 3962 1047 4034 suspicor
1069 3962 1215 4019 delatores
1236 3960 1384 4018 indicasse
1403 3962 1468 4018 loca
1489 3958 1643 4032 quemdam·

354 4081 408 4123 nee
426 4066 502 4121 enim
525 4064 661 4122 adaucar
682 4071 714 4121 ul
733 4063 854 4121 credam
878 4063 1004 4123 liutteno
1025 4065 1055 4121 in
1082 4067 1170 4121 tontis
1196 4065 1338 4136 nepociis,
1368 4079 1435 4135 qum
1457 4062 1536 4120 dorni
1555 4061 1642 4120 belli-

354 4185 410 4240 ouc
426 4170 517 4240 perit,
540 4184 602 4225 esse
623 4170 717 4226 ocium
739 4174 840 4225 nostru
861 4167 990 4241 lupentii.
1035 4165 1096 4223 Sed
1112 4166 1324 4227 intolerabilius
1344 4173 1400 4237 est,
1422 4165 1503 4237 quod
1522 4164 1633 4223 alicubi
1643 4176 1711 4226 §.nn

353 4271 461 4344 scripsi
483 4269 631 4328 b'erninem
648 4272 733 4344 pium
755 4287 811 4328 non
837 4270 945 4343 statere
963 4271 1100 4344 pontifici
1117 4268 1259 4328 Botriana.
1304 4267 1362 4328 llic
1386 4284 1445 4326 non
1474 4267 1550 4326 ridet
1567 4266 1643 4325 illud

422 4474 429 4506 ¹
451 4477 486 4524 oi.
503 4476 661 4540 Expost.§§.
670 4473 775 4524 mets.
784 4490 823 4539 sq.
860 4472 1026 4539 ³Exprobr.]
1041 4475 1109 4523 Hoec
1122 4488 1176 4522 non
1189 4474 1358 4522 conveniunt
1369 4474 1483 4538 Expost.
1496 4470 1641 4535 stanna,

354 4569 384 4611 nt
402 4562 545 4627 pnblicntn
565 4568 615 4610 ost.
646 4562 701 4609 nisi
720 4561 753 4609 nd
772 4561 904 4625 seriptum
923 4560 1074 4625 exemplum
1093 4564 1141 4608 ant
1159 4557 1194 4606 tul
1213 4559 1357 4623 epistolam
1375 4558 1456 4607 hodio
1475 4574 1529 4606 non
1548 4564 1642 4606 extan-

354 4655 409 4696 totn
430 4648 475 4711 los.
491 4648 563 4695 infra
577 4650 600 4706 §.
614 4644 682 4710 bib]
704 4648 824 4711 respexit
838 4648 979 4704 lirnsnnns,
1001 4647 1152 4694 somniatus
1172 4650 1222 4693 cst.
1281 4645 1290 4669 ¹⁴
1310 4641 1406 4708 inspuit]
1421 4645 1531 4708 Enpost.
1545 4645 1568 4702 ξ.
1586 4641 1641 4691 tttt.

354 4733 372 4765 ¹¹
395 4732 491 4798 intonit}
512 4735 548 4781 cf.
569 4734 681 4797 Expost.
696 4735 718 4792 ξ.
737 4732 790 4780 ins.
840 4731 859 4762 ¹¹¹
878 4733 917 4781 Ad
937 4732 1013 4782 subs.
1035 4729 1087 4796 ota]
1108 4730 1379 4793 es.Expost.§.148.
1427 4728 1478 4760 ¹¹¹¹
1496 4726 1640 4794 duntaxat]

355 4821 446 4869 Latine
465 4820 595 4867 dicentium
614 4825 670 4867 erut
689 4825 730 4866 aul
749 4823 851 4882 printer
868 4817 953 4877 hunc,
978 4821 1002 4865 si
1018 4820 1126 4870 ironice,
1146 4823 1188 4863 ant
1207 4815 1304 4863 nedum
1323 4822 1374 4863 siue
1394 4820 1469 4865 certe
1488 4830 1541 4864 non
1560 4815 1639 4875 husu,

352 4910 376 4954 si
392 4910 538 4969 simpliciter
555 4906 693 4969 crepandum
716 4911 773 4952 erol
792 4904 950 4952 Hadrianum
967 4904 994 4951 V
995 4902 1016 4950 I.
1035 4902 1218 4950 subversionem
1241 4904 1364 4965 coartpciii
1385 4904 1500 4950 notitiese.
1565 4900 1585 4932 ¹⁹
1604 4901 1641 4949 ct'.

353 4993 465 5056 Expost.
479 4993 518 5050 §5-
532 4991 573 5038 tn.
586 4990 645 5038 mni.
660 5006 717 5054 sqq.
770 4988 792 5019 ¹¹
811 4986 910 5052 itania]
927 4988 946 5036 1.
961 4987 1080 5037 Samuel.
1095 4989 1168 5038 xxt.
1185 4987 1223 5037 13.
1236 5003 1295 5052 sqq.
1347 4984 1366 5016 ³¹
1388 4984 1499 5052 quanm!
1520 4986 1640 5036 Casilin-

353 5086 409 5137 tnr,
432 5084 460 5126 nt
479 5093 539 5127 cuin
559 5078 681 5134 Hutteno
700 5075 925 5141 lbppcndoritiutn
945 5075 1029 5124 etiam
1049 5075 1227 5124 contaminet.
1280 5071 1302 5103 ³¹
1322 5072 1358 5122 cs.
1377 5073 1491 5137 Expost.
1505 5073 1528 5134 ξ.
1545 5072 1601 5123 tto.
