3934 6034
530 692 728 744 cccxxxlu.
749 708 868 744 sconem
881 709 984 744 nussia
998 708 1142 745 snvsnsss
1155 706 1327 742 nscnnmnes
1341 707 1473 742 avaram.
1575 677 1648 749 293

360 868 433 927 milii
452 869 612 927 consultius
633 868 725 925 uisum
748 872 791 926 est
811 867 860 926 bic
880 869 1102 941 conquiescere,
1126 866 1219 926 dorice
1238 868 1392 941 principes
1412 873 1442 925 et
1458 867 1570 925 mrcditi
1582 875 1648 925 stu-

360 971 418 1028 diis
437 972 549 1028 omissis
568 976 710 1045 expetant
728 987 765 1028 ea
783 972 906 1029 consilia
930 965 1022 1043 *quoe
1039 972 1102 1028 sine
1123 971 1246 1027 tumnultu
1262 964 1451 1043 prospiciant
1467 971 1647 1042 ecanqcticre

360 1075 478 1132 veritati
495 1079 524 1130 ct
541 1075 647 1145 qlortce
669 1072 785 1131 Christi.
821 1072 938 1131 Bellum
961 1088 1030 1130 uero
1048 1079 1105 1145 est,
1127 1071 1296 1145 quoddam
1320 1072 1417 1130 studet
1438 1073 1533 1130 rideri
1545 1071 1636 1143 sesti-
1649 1087 1717 1137 §.too

360 1193 427 1244 uses,
450 1177 494 1233 ait
513 1176 586 1233 milu'
605 1191 659 1233 cea
685 1174 806 1248 cuipare
828 1189 927 1232 veram
947 1175 1096 1233 excidisse
1115 1174 1240 1245 dictum,
1263 1174 1465 1233 Lutlrcranam
1481 1174 1647 1232 doctrinam

334 1285 447 1337 storum
473 1279 603 1352 opprimi
622 1293 680 1335 non
700 1293 800 1351 posse,
823 1279 882 1335 nisi
901 1280 989 1335 simut
1007 1284 1132 1335 corruat
1151 1276 1227 1335 bona
1245 1293 1321 1351 pars
1341 1278 1521 1349 erartqeticce
1540 1294 1648 1351 spacc-

358 1383 455 1439 ritatis
482 1397 519 1438 ac
541 1380 670 1454 publiea
700 1380 854 1452 libertatis,
889 1382 975 1453 quasi
1000 1396 1058 1438 aaa
1086 1380 1164 1439 idem
1195 1396 1311 1453 semper
1336 1381 1568 1438 constantissime
1588 1386 1648 1437 tam

360 1484 447 1543 dictis
478 1490 538 1540 tam
566 1484 685 1556 scriptis
714 1485 768 1540 sim
791 1488 918 1540 testatus.
962 1482 1002 1539 Et
1022 1482 1077 1540 boc
1095 1498 1141 1540 me
1163 1482 1340 1552 discruciat,
1369 1484 1437 1541 istos
1459 1484 1502 1541 sic
1527 1498 1648 1542 causam

359 1603 464 1659 aqcre,
493 1587 581 1660 qnasi
600 1587 716 1643 serrari
736 1588 841 1657 nolint,
873 1586 990 1643 tametsi
1009 1585 1109 1658 siquid
1128 1591 1207 1643 recte
1229 1585 1313 1644 docet
1332 1584 1493 1657 lutherus,
1527 1593 1648 1644 nonest

358 1688 494 1758 Luttieri,
518 1687 572 1745 scd
594 1687 712 1746 Christi.
758 1687 824 1745 Iam
844 1690 940 1760 ftnqat
964 1702 1010 1745 me
1036 1687 1167 1745 scribere
1186 1694 1290 1746 contra
1312 1687 1488 1754 Lutbernm,
1512 1704 1552 1745 arr
1573 1690 1715 1751 eiustat.

325 1794 407 1849 roret
425 1793 470 1849 ius
492 1806 549 1848 non
570 1792 628 1849 erit
647 1793 676 1848 ci
697 1792 749 1864 qui
769 1806 835 1849 cum
855 1789 983 1847 Lutliero
1006 1805 1157 1863 ritirrqnam
1179 1790 1317 1848 babuerit
1331 1789 1449 1862 sadus,
1472 1797 1501 1849 et
1518 1806 1574 1864 quo
1590 1790 1647 1849 rte-

360 1895 496 1952 bortaatc
516 1908 579 1951 rem
601 1900 630 1951 et
650 1896 738 1968 coepit
759 1900 788 1951 et
808 1892 958 1966 leucosque
976 1888 1137 1967 prorexit?
1166 1892 1279 1965 b'inqat
1299 1909 1345 1951 me
1367 1894 1449 1951 initio
1466 1892 1562 1965 fuisse
1583 1892 1647 1952 Lu-

359 1997 441 2054 tbero
459 1995 624 2067 fauctorem,
658 1997 786 2055 enideo
813 2002 901 2053 eram
926 1996 999 2054 mibi
1025 1996 1182 2069 probanda
1204 1997 1303 2054 omitia
1335 2012 1401 2069 quoe
1428 1995 1544 2062 scribit,
1576 1996 1647 2068 qaia

355 2102 538 2173 placuerunt
566 2094 717 2157 cundia?
743 2097 821 2168 (ltrid
847 2100 874 2156 si
896 2097 1044 2156 Lutlierus
1063 2098 1188 2173 postbac
1209 2098 1320 2156 scribat
1342 2099 1485 2157 aduersus
1506 2099 1646 2155 articulos

355 2197 452 2273 fidei?
481 2217 520 2258 aa
545 2200 691 2260 liutteans
718 2200 823 2259 celabit
849 2200 992 2258 crducrsus
1018 2216 1084 2259 eum
1113 2182 1266 2259 scribere?
1293 2200 1352 2258 Car
1373 2208 1469 2259 autem
1490 2200 1716 2265 Huttcnussasr.

326 2320 349 2359 a
360 2321 451 2377 usque
472 2305 548 2363 aneo
562 2303 673 2375 serocit
691 2304 834 2362 atletersus
852 2317 900 2361 eos
918 2303 971 2375 qui
984 2302 1118 2361 scribunt
1132 2303 1276 2361 adversus
1291 2302 1464 2370 lutherum,
1488 2318 1555 2362 cam
1572 2301 1648 2360 nibil

358 2409 473 2465 intersit
493 2408 570 2464 inter
592 2406 790 2480 disputantem
810 2411 838 2464 et
857 2401 1052 2465 scribentem?
1080 2404 1227 2464 Lutbcrus
1248 2405 1291 2463 ad
1311 2406 1536 2480 disputationem
1558 2406 1647 2462 etiarn

354 2515 508 2584 prouocat.
552 2507 586 2566 Si
606 2509 741 2568 doctrina
762 2510 842 2567 iltius
860 2524 988 2582 sqacera
1008 2514 1065 2579 est,
1085 2524 1142 2582 per
1162 2508 1423 2567 contradictionem
1446 2510 1522 2566 vetar
1539 2522 1647 2564 aurrrrn

357 2616 426 2685 ique
440 2620 603 2686 purpatum
622 2614 718 2684 maqis
739 2613 898 2679 clucescet;
918 2612 964 2668 sia
984 2610 1070 2682 salsa
1091 2617 1147 2681 est,
1174 2618 1253 2670 recte
1274 2612 1467 2686 impupuatur
1489 2610 1527 2668 ab
1548 2611 1647 2669 amni-

358 2716 427 2782 bas;
459 2716 505 2772 sia
526 2714 664 2786 quadam
689 2714 774 2771 laetbct
800 2713 988 2785 falsatoris
1015 2714 1166 2785 admixta,
1199 2722 1391 2788 repurpatur.
1436 2714 1482 2771 An
1499 2714 1716 2787 protinusque.

323 2831 347 2869 20
358 2818 525 2876 subvertero
545 2822 634 2873 totam
653 2818 851 2889 eranqctiam,
878 2818 906 2875 si
925 2832 992 2875 cura
1012 2815 1139 2875 Lcrtbcro
1161 2816 1320 2891 disputem,
1350 2834 1391 2875 an
1417 2817 1536 2891 quilibet
1556 2815 1647 2873 Cleri-

356 2922 470 2979 stianas
491 2921 530 2977 sit
549 2919 702 2989 sacerdos,
736 2935 776 2976 an
804 2919 904 2977 omnia
930 2926 1099 2977 sanctornm
1121 2936 1214 2993 opera
1240 2922 1300 2978 sint
1322 2915 1470 2994 peccata?
1502 2918 1648 2978 Lutbcrus

356 3026 420 3097 ipsc
442 3038 499 3081 nan
518 3020 667 3092 formidat
686 3036 796 3091 mcum,
829 3022 887 3079 ima
908 3038 963 3080 aec
988 3024 1161 3096 cuiusquam
1186 3025 1342 3093 assultum,
1376 3023 1430 3082 sed
1453 3022 1530 3094 sorti
1549 3024 1647 3079 animo

356 3133 495 3199 expectat
509 3124 666 3181 Erasmam
682 3125 710 3181 si
719 3124 856 3197 prodeat.
895 3123 972 3193 [add
987 3126 1078 3196 ipttnr
1094 3129 1288 3184 trimuttuatur
1306 3126 1465 3196 Huttenns,
1481 3130 1646 3198 suspectam

356 3231 473 3287 interim
494 3227 622 3285 reddens
642 3225 767 3284 Lntlrcri
786 3225 967 3295 doctrinam,
989 3242 1078 3300 qaam
1097 3229 1138 3285 ita
1157 3228 1272 3286 demum
1292 3229 1399 3287 credat
1416 3227 1486 3299 sore
1504 3228 1645 3296 stabilem,

321 3334 384 3389 issi
404 3346 488 3387 uerna
509 3324 690 3400 labefactet?
711 3327 785 3387 llcec
805 3330 922 3402 loquar,
944 3344 1002 3386 aon
1024 3330 1104 3402 quod
1123 3330 1196 3387 mila
1215 3333 1252 3388 sit
1273 3334 1390 3390 animus
1404 3332 1549 3404 conpredi
1563 3346 1629 3389 eum
1645 3345 1704 3394 §.sos

355 3433 497 3500 ertlmro,
521 3435 548 3491 si
566 3435 653 3491 liccat
674 3433 891 3505 conquiescere,
913 3430 967 3487 scd
981 3437 1013 3488 ut
1027 3430 1149 3489 lIutteai
1162 3435 1317 3492 calumniis
1334 3435 1539 3509 respondeam.
1576 3432 1640 3505 Epo

364 3537 566 3606 l'ertumaam,
589 3534 725 3593 Proteum
746 3551 782 3593 ac
799 3534 943 3609 Potqpum
964 3538 1025 3608 epi,
1047 3542 1151 3593 memet
1170 3538 1200 3593 in
1218 3538 1316 3595 omnia
1338 3546 1467 3609 uertens,
1490 3540 1565 3598 nibil
1582 3556 1638 3598 reon

354 3645 383 3697 ct
402 3637 522 3710 sacieris
542 3645 570 3695 et
589 3641 719 3711 patiens,
750 3654 787 3695 ne
807 3638 1006 3711 pertrabcrer
1032 3640 1062 3695 in
1091 3638 1169 3696 banc
1196 3654 1321 3699 arenam
1341 3640 1563 3714 pladiatariam.
1609 3644 1639 3699 in

355 3743 456 3799 auttrm
477 3740 714 3814 pertrahentibus
732 3741 867 3798 mnriitms
884 3756 921 3799 ac
937 3740 1063 3816 pedibus
1079 3743 1223 3798 excusari
1241 3758 1303 3809 me,·
1325 3744 1467 3803 intentata
1485 3761 1525 3802 coe
1544 3746 1640 3802 altera

319 3852 443 3919 anpartc
462 3845 599 3917 pericula
615 3844 727 3916 partim
756 3843 916 3914 declinari,
945 3846 1059 3918 partim
1082 3845 1272 3917 propulsari,
1299 3848 1414 3918 partim
1442 3846 1641 3912 dissimulari,-

357 3949 472 4006 Ccesari
491 3963 537 4004 mc
557 3946 704 4014 subduci·
731 3945 874 4017 fortunas
895 3946 1009 4004 ablatas
1035 3952 1204 4004 constanter
1226 3950 1379 4017 recusari·
1402 3956 1442 4008 tot
1463 3948 1641 4016 monarchis,

354 4057 395 4110 tat
406 4050 606 4124 principibus,
622 4056 662 4107 tot
675 4051 777 4107 amicis
795 4049 852 4107 bac
868 4048 1034 4107 succentibus
1050 4050 1193 4106 excusari
1206 4064 1259 4108 ricc.
1299 4049 1368 4109 ‘Sed
1385 4053 1437 4125 qui
1457 4058 1485 4110 te
1500 4049 1632 4110 incitam'
1646 4065 1713 4114 snos.

354 4156 448 4226 inquit
471 4153 622 4210 ‘aduersas
634 4151 808 4221 Lutlcerrua,
830 4162 884 4210 aut
901 4152 1094 4225 potentissimi
1107 4158 1176 4209 sunt
1188 4160 1242 4210 aut
1250 4155 1387 4226 pessimi,
1410 4161 1463 4213 nat
1476 4152 1643 4228 utrunquc'.

359 4254 452 4314 Tanto
480 4257 575 4328 rnaqis
600 4255 745 4312 llutteaus
775 4254 897 4314 debebat
923 4255 1075 4313 admirari
1094 4257 1289 4314 constantiam
1316 4271 1427 4315 meam:
1460 4260 1512 4329 qai
1533 4266 1644 4332 poten-

319 4372 346 4410 :a
356 4360 460 4418 tissimi
480 4368 563 4426 sunt,
594 4357 640 4415 bis
661 4359 692 4414 iu
712 4358 841 4430 procliui
858 4363 902 4415 est
923 4366 952 4415 et
967 4357 1100 4430 perdere
1127 4363 1155 4415 et
1181 4375 1321 4427 serrare,·
1346 4361 1399 4433 qui
1420 4361 1543 4433 pessimi
1566 4367 1642 4428 snat,

352 4461 500 4533 sacitlimc
529 4460 659 4525 rannac·
692 4461 744 4532 qui
768 4466 838 4517 sura
859 4466 1020 4534 utrunque,
1046 4462 1140 4533 maqis
1159 4462 1246 4519 ctiam
1268 4469 1337 4520 sunt
1359 4460 1584 4532 formidabiles:
1616 4469 1645 4519 ct

354 4571 451 4622 tamea
472 4563 613 4621 tncctenus
634 4578 688 4620 nec
709 4561 747 4618 ab
769 4561 815 4620 bis
832 4565 965 4636 perpelli
982 4565 1080 4637 patuit
1100 4563 1246 4622 Erasmus
1269 4567 1317 4623 illc
1339 4564 1475 4636 infirmus
1499 4572 1529 4623 et
1548 4564 1641 4623 imbe-

353 4668 429 4725 cillis
451 4672 479 4723 ct
500 4666 543 4721 ad
564 4666 696 4737 queraris
718 4681 825 4722 auram
844 4665 966 4723 mobilis.
1005 4664 1129 4722 Interim
1153 4667 1261 4725 irridet
1281 4673 1309 4725 et
1329 4667 1405 4725 ittud
1425 4667 1506 4740 qnod
1525 4669 1634 4740 scripsi
1643 4685 1712 4734 §.tou

353 4776 442 4828 totam
463 4768 605 4825 aturrdam
627 4783 734 4825 acuere
755 4769 851 4826 stilum
879 4770 909 4825 in
937 4767 1114 4837 Lutberum,
1148 4773 1176 4826 et
1195 4771 1349 4827 minitatur
1367 4768 1438 4840 fore
1457 4749 1643 4829 Latlieraaas

318 4874 407 4946 toqui
425 4872 521 4929 stilum
544 4877 656 4929 acuant
676 4872 705 4929 in
725 4886 784 4936 me,
816 4871 949 4944 iubetque
967 4872 1024 4930 sibi
1036 4872 1262 4931 commonstrari
1277 4874 1368 4930 atium
1386 4873 1534 4945 quendam
1553 4889 1643 4931 man-

421 5056 431 5089 *
451 5056 500 5124 ait]
520 5059 632 5122 Expost.
646 5058 669 5118 ᾖ,
684 5057 743 5105 222.
791 5056 813 5087 ³³
833 5056 932 5123 inquit]
951 5060 1065 5125 Expost.
1079 5060 1103 5121 §-
1116 5057 1175 5109 205.
1227 5058 1249 5091 ⁸⁸
1268 5057 1354 5125 iaia]
1372 5060 1488 5125 Expost.
1502 5061 1525 5122 ᾖ.
1542 5058 1597 5111 lon.
