3934 6034
320 658 393 728 470
435 672 601 722 cccxcix.
617 689 700 721 uena.
716 689 815 722 reram
830 687 1001 722 ucnnunrnsr
1016 689 1052 722 uo
1066 689 1148 722 orsu.
1162 689 1282 723 aversa.
1296 689 1338 722 ur.
1352 686 1431 722 uvae
1445 687 1532 721 enarr.
1552 679 1611 719 tata.

320 848 416 910 rietate
438 864 517 902 casus
540 846 642 902 alienos
666 848 723 901 siue
746 845 841 901 dolore
865 846 973 901 intueri.
1019 847 1053 901 dt
1082 864 1145 903 cero
1173 864 1234 903 curn
1257 845 1367 901 illorum
1390 844 1529 919 praecipue
1551 844 1613 907 sita,

321 932 367 1006 qui
390 930 547 1004 reipublicae
571 938 704 1004 praesunt,
730 929 864 986 variabilis
887 931 1015 985 Fortunae
1040 930 1101 986 telis
1130 932 1272 1005 proposita
1300 931 1350 993 sit,
1385 937 1512 1003 quantam
1541 946 1614 1003 saepe

320 1016 421 1072 habeut
443 1015 575 1089 ancipites
598 1016 694 1071 borum
718 1016 881 1070 mutationes
904 1016 1133 1089 expectationem,
1157 1034 1247 1089 spem,
1271 1015 1413 1071 timorem?
1435 1014 1549 1081 Quoties
1572 1014 1610 1068 in·

321 1118 385 1156 anes
408 1100 565 1155 dnlicorurn
588 1100 779 1155 contentiones
802 1101 828 1154 iu
852 1100 940 1155 medio
964 1100 1040 1172 quasi
1063 1118 1145 1156 cursu
1167 1118 1310 1160 corruere.
1342 1109 1369 1155 et
1398 1116 1429 1154 ex
1458 1098 1610 1154 toriniano

323 1184 424 1241 luctum
447 1184 552 1246 subito.
583 1201 636 1239 non
660 1183 719 1239 sine
741 1185 811 1239 varia
835 1185 987 1238 animorum
1010 1185 1151 1240 allectione
1175 1184 1259 1240 relabi
1288 1183 1425 1239 sistemus?
1458 1182 1524 1249 Quae
1552 1192 1632 1237 com⁵

321 1271 442 1341 dgnatus
466 1277 529 1324 tuus
552 1268 691 1340 eleganter
714 1270 765 1324 boc
788 1269 814 1323 in
839 1268 950 1341 bialogo
974 1277 1168 1342 persequatur.
1199 1268 1246 1323 tibi
1269 1268 1431 1340 caeterisque
1460 1266 1525 1321 viris
1553 1283 1613 1321 eru·

320 1354 385 1408 ditis
408 1360 513 1424 gratam
536 1353 594 1408 eius
618 1354 676 1408 taire
699 1352 843 1409 lectionem
873 1369 927 1408 non
955 1352 1060 1408 ‹lrrlrito
1105 1354 1195 1425 Neque
1225 1354 1313 1408 inesse
1342 1352 1386 1407 luc
1412 1351 1507 1411 rideo,
1542 1350 1613 1423 quod

322 1437 417 1493 rualaur
443 1438 468 1492 in
491 1447 596 1510 partem
618 1438 740 1511 accipere
763 1438 861 1492 interito
885 1438 945 1511 quis
969 1439 1072 1511 possit,
1107 1456 1167 1493 euru
1196 1446 1222 1492 et
1252 1435 1353 1491 nullius
1382 1436 1425 1490 bic
1454 1435 1612 1490 nominatim

323 1522 386 1576 vitia
409 1538 531 1577 irroresre
555 1522 802 1595 reprehendantur,
826 1531 853 1577 et
876 1522 1028 1577 iannluduur
1053 1523 1098 1595 qni
1123 1522 1176 1576 illis
1193 1520 1374 1594 temporibus,
1398 1537 1458 1574 cum
1476 1519 1535 1584 lraec
1550 1519 1613 1574 scri·

322 1607 466 1667 lucrentur,
489 1606 676 1678 magistratum
700 1606 844 1678 gerebant,
875 1607 926 1661 vita
950 1606 1004 1661 siut
1026 1607 1155 1661 defuncti.
1200 1605 1262 1661 Earu
1285 1613 1374 1660 autern
1399 1622 1459 1659 esse
1482 1603 1545 1659 ritae
1568 1620 1613 1657 an·
1623 1610 1643 1649 ¹⁰

322 1691 381 1746 lica}
403 1691 601 1751 conditionem,
636 1708 715 1763 quam
745 1690 855 1746 libellus
883 1691 926 1746 lric
956 1690 1035 1745 uobis
1064 1699 1125 1746 ante
1155 1690 1249 1745 oculos
1279 1690 1422 1763 proponit,
1457 1687 1551 1743 nescio
1581 1704 1612 1741 au

323 1775 464 1849 quisquam
488 1793 569 1829 sanus
593 1775 703 1830 inliciari
728 1776 823 1849 possit.
868 1775 933 1830 Nanr
956 1794 1016 1830 curu
1040 1775 1062 1829 is
1086 1775 1225 1829 borninnur
1248 1775 1284 1829 sit
1306 1782 1415 1847 captus,
1446 1780 1478 1827 ut
1501 1772 1614 1845 imperio

322 1859 517 1933 prosperisque
540 1859 621 1914 rebus
643 1859 804 1933 plarrnuque
828 1860 1018 1921 introducatur,
1043 1860 1207 1931 lastnlioque
1230 1860 1287 1914 lere
1310 1866 1337 1913 et
1358 1856 1488 1930 snperbia
1503 1857 1614 1911 ell'eran·

324 1952 383 2005 tor,
407 1944 436 1998 dt
460 1961 546 2016 saepe,
571 1951 607 2019 ut
624 1942 662 1997 illi
686 1944 781 2005 etiarn,
805 1944 850 2016 qui
873 1944 1023 2000 earrrnnodis
1045 1951 1123 1999 antea
1148 1945 1257 1999 luerunt
1280 1942 1416 2003 uroribus,
1440 1958 1615 2013 corrumpan-

323 2038 382 2090 tur,
413 2036 441 2083 et
468 2035 514 2082 aut
544 2027 691 2083 amlutiouc
720 2037 801 2101 atque
830 2028 963 2084 bonorum
993 2028 1140 2084 certamine
1169 2028 1200 2083 ad
1227 2046 1271 2082 res
1295 2026 1407 2081 iniustas
1430 2024 1613 2098 impellantur,
1625 2033 1646 2071 ¹⁵

290 2175 292 2179 ,
322 2122 367 2168 aut
391 2111 547 2184 corruptela
571 2130 659 2185 pravae
682 2113 888 2168 consuetudinis
912 2114 938 2168 in
962 2113 1089 2185 peccandi
1113 2111 1267 2173 illecebras,
1300 2120 1427 2183 tanquam
1449 2110 1477 2163 in
1502 2117 1613 2182 opertos

323 2195 452 2269 scopulos
475 2195 556 2251 ablati
580 2197 641 2251 ritae
665 2215 695 2252 ac
719 2199 889 2252 lortnnaruru
912 2215 1022 2252 suarum
1047 2196 1145 2252 iaciant
1167 2195 1315 2267 riarulragia.
1354 2197 1387 2249 tt
1409 2194 1519 2267 quoties
1542 2191 1615 2248 nrrlla

323 2299 410 2354 neque
434 2280 564 2354 sapientia
588 2298 675 2353 neque
698 2281 840 2354 prudentia
857 2282 1005 2335 instructos
1021 2282 1184 2336 Pbaetontes
1200 2282 1276 2335 aotae
1292 2297 1352 2334 sese
1369 2278 1517 2333 obtrudere
1533 2286 1613 2349 atque

323 2366 354 2421 ad
378 2363 571 2437 rempublicam
601 2366 747 2437 gerendmn
776 2366 863 2420 nudos
887 2365 965 2439 plane
988 2365 1114 2420 accedere
1138 2365 1264 2419 ridemus.
1311 2364 1356 2418 llis
1385 2379 1449 2417 reru
1479 2370 1615 2435 potestate

323 2449 401 2505 elatis
426 2449 488 2521 quid
513 2448 711 2504 intolerabilius
734 2467 794 2504 csse
818 2449 922 2523 possit?
956 2450 991 2503 lle
1019 2449 1137 2504 nationis
1165 2467 1194 2504 uc
1222 2448 1312 2503 artatis
1341 2455 1445 2508 nostrae
1466 2445 1543 2501 Aulis
1570 2454 1646 2500 rex-tt

324 2532 411 2606 empla
435 2532 506 2605 (qua
530 2540 557 2586 et
580 2533 672 2588 ‹rrliosa
696 2533 813 2589 sortasse
837 2532 937 2604 laurent)
960 2551 1067 2588 sumere
1090 2550 1143 2588 non
1167 2541 1208 2587 est
1232 2550 1314 2605 opus,
1344 2549 1404 2588 cuur
1429 2530 1614 2604 exemplorum

323 2618 390 2672 satis
413 2626 532 2672 ueterum
556 2618 591 2671 sit
615 2618 640 2671 in
665 2625 800 2690 promptu.
838 2618 942 2672 Eteriirn
967 2618 993 2672 iu
1017 2616 1092 2671 dolis
1116 2618 1213 2690 priscis
1229 2635 1258 2672 ac
1275 2615 1469 2671 remotioribus
1493 2615 1530 2684 (iu
1550 2632 1615 2686 quas

325 2710 397 2761 tnta,
422 2702 534 2774 opinor,
569 2711 610 2756 est
634 2702 820 2774 reprehensio)
855 2711 968 2774 quotum
998 2719 1122 2773 «querique
1151 2701 1273 2773 legentes
1303 2700 1431 2755 bistorias
1454 2699 1614 2772 reperimus,

324 2786 370 2858 qui
394 2785 549 2858 reipublice
573 2786 658 2855 magis
681 2803 760 2859 quam
784 2786 840 2840 suis
864 2785 1049 2858 uoluptatibus
1073 2785 1242 2840 inservierit?
1277 2825 1613 2844 ...............

325 2912 704 2923 .................
728 2872 793 2925 Cum
817 2870 901 2941 igitur
923 2889 952 2924 ea
977 2887 1068 2924 resera
1092 2870 1128 2924 sit
1150 2869 1243 2924 aulicas
1276 2870 1336 2924 rita·
1364 2868 1501 2929 conditio,
1536 2875 1647 2940 quarob

324 2963 438 3026 agnatus
461 2962 524 3008 tuus
549 2953 651 3010 Ulrieus
675 2955 808 3009 liuttenus
831 2954 969 3027 sapienter
992 2954 1035 3008 bic
1058 2962 1085 3009 et
1108 2954 1247 3025 eleganter
1268 2953 1426 3026 descripsit,
1458 2960 1486 3007 et
1515 2951 1615 3006 calum·

324 3040 413 3093 uiator
436 3039 471 3092 sit
495 3056 605 3094 necesse
628 3046 684 3100 est,
715 3040 759 3111 qni
784 3039 854 3093 lrrroc
877 3037 975 3093 librum
999 3038 1192 3111 reprehendat,
1226 3047 1253 3092 et
1276 3055 1406 3111 perquam
1429 3036 1546 3096 stultus,
1561 3052 1614 3109 ipn

324 3141 356 3177 eo
380 3121 497 3195 pelleeto
520 3123 551 3177 ad
576 3123 670 3177 dolam
694 3132 781 3178 tarrren
805 3140 864 3177 sese
886 3123 1024 3183 conserat,
1059 3131 1202 3195 antequam
1232 3122 1317 3195 probe
1348 3139 1408 3176 sese
1431 3122 1490 3193 ipse
1513 3128 1615 3180 noscat,

323 3214 525 3279 corupertuune
548 3207 658 3267 babeat,
692 3224 725 3261 an
752 3225 785 3262 eo
816 3208 852 3261 sit
880 3208 983 3268 aniruo,
1018 3214 1047 3261 ut
1071 3207 1198 3279 quicquid
1227 3206 1344 3267 eveniat,
1378 3204 1517 3260 moderate
1546 3205 1616 3258 serre

323 3291 398 3346 sciat.
444 3291 571 3362 Erqrrideur
595 3292 646 3346 boc
669 3290 729 3347 loeo
752 3292 866 3346 reticere
889 3308 1009 3363 nequeo,
1040 3291 1225 3345 arroderationo
1252 3290 1330 3345 amici
1359 3289 1424 3344 olim
1457 3289 1496 3343 tui
1521 3286 1646 3342 Valeo-³⁰

325 3375 373 3430 trni
389 3374 459 3439 Fun,
483 3375 673 3436 allorubeirn,
697 3376 723 3429 iu
740 3375 968 3436 Weisseutbeitb,
993 3377 1040 3449 Eq.
1056 3375 1099 3429 Fr.
1123 3375 1169 3448 qui
1192 3392 1253 3430 crrrn
1276 3381 1390 3447 propter
1413 3390 1503 3428 rerum
1528 3387 1613 3432 risum,

323 3458 508 3532 prrnlentiaur,
532 3459 672 3521 virtutem,
697 3460 783 3514 tritius
807 3460 1030 3532 imperatoribus,
1060 3458 1155 3514 tlarolo
1180 3458 1223 3520 V„
1252 3457 1420 3513 l'erdinando
1449 3466 1477 3512 et
1499 3457 1616 3512 blasiani·

322 3543 394 3597 liano
418 3543 446 3597 ll.
471 3542 510 3614 (ut
533 3561 563 3599 er
587 3543 691 3616 aliquot
713 3543 922 3599 clementissime
945 3545 1055 3617 scriptis
1078 3544 1110 3598 ad
1133 3561 1193 3598 euin
1223 3542 1348 3617 epistolis
1375 3542 1495 3612 constat)
1529 3558 1615 3601 carus,

323 3636 350 3682 et
374 3627 512 3684 noururllis
535 3628 683 3683 Germaniae
706 3628 875 3700 principibus
898 3628 1071 3692 aibnirationi
1094 3636 1180 3689 esset.
1211 3636 1292 3701 atque
1320 3627 1380 3683 ideo
1403 3626 1554 3700 splendidae
1578 3624 1614 3679 illi

322 3712 491 3768 conditiones
516 3713 541 3767 in
565 3712 639 3767 dnbs
663 3713 839 3774 offerrentur,
865 3719 966 3774 tamen.
995 3730 1055 3768 conr
1079 3712 1182 3768 iuvenis
1209 3712 1351 3768 curialium
1380 3711 1504 3766 miserias
1534 3711 1645 3782 dego-³⁵

323 3805 438 3863 stasset,
471 3805 499 3851 ut
522 3806 602 3852 aetate
625 3807 771 3870 peruectus
787 3797 863 3851 derlee
886 3815 946 3852 sese
970 3806 1057 3851 toturn
1080 3797 1219 3858 redderet.
1243 3797 1337 3852 arblnei
1361 3813 1414 3851 nou
1438 3796 1539 3870 potuit.
1583 3794 1616 3849 lle

324 3899 378 3954 quo
403 3882 473 3936 torte
496 3899 556 3936 curn
580 3899 649 3937 arrno
672 3881 823 3954 superiori,
846 3899 906 3937 curu
930 3882 1062 3955 prudente
1085 3881 1224 3953 longoque
1250 3898 1301 3936 usu
1328 3880 1426 3936 edocto
1450 3879 1547 3935 norico
1571 3879 1616 3933 Va·

323 3965 427 4021 leutino
451 3966 599 4020 Trucbsess
622 3964 654 4020 ab
677 3965 873 4037 lleunenbergk
896 3982 1049 4020 sermonem
1072 3966 1237 4027 conferrem,
1267 3964 1350 4020 ruulta
1375 3964 1488 4020 lactrnde
1517 3964 1563 4018 ille
1585 3964 1615 4018 de

322 4050 465 4105 curialium
488 4050 605 4104 miseriis
621 4048 787 4110 disserebat,
811 4049 924 4104 subinde
940 4050 1049 4104 Senecae
1066 4049 1110 4104 illa
1128 4049 1249 4105 ‘iniurias
1265 4049 1402 4123 accipere,
1426 4048 1530 4122 gratias
1546 4065 1615 4121 saepe

323 4135 414 4206 agere'
437 4133 573 4189 inculcans
597 4134 762 4207 copioseque
785 4133 851 4188 illud
873 4151 950 4188 suum
973 4134 1163 4189 ‹ltrnroustrans
1622 4138 1643 4177 *θ

639 4217 665 4272 Si
688 4218 794 4273 Curiam
816 4235 909 4279 curas,
942 4219 1029 4291 pariet
1052 4218 1100 4272 tibi
1123 4219 1201 4272 Cirria
1223 4236 1311 4274 coras.

323 4303 406 4370 Quom
429 4302 588 4358 cantilenam
612 4320 709 4358 canere
732 4320 804 4375 saepe
833 4303 941 4357 meunni
973 4311 1001 4357 et
1023 4302 1099 4357 dulae
1123 4302 1327 4376 llerbipolensis
1355 4312 1504 4376 praetorem
1527 4301 1616 4355 Fride·

323 4388 408 4444 rieuru
432 4387 606 4442 ddelbcrtum
630 4386 662 4442 ab
686 4386 892 4459 llessenburglr,
917 4394 944 4441 et
966 4404 1059 4459 parem
1081 4387 1144 4442 huic
1166 4388 1274 4459 generis
1297 4387 1441 4443 nobilitate
1464 4404 1494 4442 ac
1519 4387 1616 4440 virtute

323 4473 467 4527 iolrannem
491 4489 504 4525 a
529 4471 707 4532 l‘reiltllreiur.
733 4480 783 4527 ete.
830 4472 879 4525 Sed
902 4471 974 4531 bec,
1000 4480 1029 4526 nt
1051 4470 1182 4527 alieniora
1204 4471 1344 4527 verbosius
1367 4472 1419 4527 boc
1441 4471 1503 4526 loco
1527 4487 1616 4544 perse·

323 4557 368 4629 qui
393 4573 502 4612 necesse
526 4573 580 4611 non
603 4564 652 4612 est.
699 4556 904 4630 deprehendant
926 4574 990 4612 saue
1013 4556 1234 4611 doctissimorum
1262 4556 1308 4611 illa
1337 4556 1456 4611 virorum
1485 4553 1644 4629 opuscotao

323 4642 368 4713 qui
393 4641 497 4703 volent;
520 4640 599 4696 nolus
622 4641 737 4697 suldciat
760 4641 866 4714 placere
889 4640 996 4713 paneis.
1020 4649 1047 4695 et
1071 4640 1204 4695 bonorum
1228 4639 1340 4713 obsequi
1357 4640 1455 4695 studiis
1472 4659 1502 4697 ae
1523 4638 1615 4701 solun·

324 4727 381 4781 tati.
426 4725 517 4797 Neque
542 4726 719 4798 [crespino.
755 4734 784 4780 ut
808 4725 885 4780 bonis
908 4743 938 4778 ea
961 4742 1032 4780 nnnc
1055 4725 1186 4797 placitura
1216 4742 1270 4779 nou
1300 4725 1369 4785 sint,
1404 4743 1465 4797 quae
1497 4722 1615 4780 tenebris

322 4819 399 4865 antea
423 4810 532 4881 situque
555 4826 686 4882 oppressa
709 4810 808 4864 eruditi
831 4809 991 4882 nobilesque
1014 4810 1062 4864 riri
1088 4811 1169 4864 toties
1193 4809 1375 4881 requirebant.
1411 4810 1445 4865 Ut
1460 4810 1533 4865 enirn
1548 4808 1615 4864 alios

322 4913 393 4950 urruc
416 4894 552 4955 omittant,
576 4894 676 4949 nobilis
699 4903 726 4948 et
749 4902 877 4949 strenuus
901 4893 1021 4949 Andreas
1045 4894 1106 4948 Voit
1129 4912 1142 4949 a
1167 4894 1280 4954 lliueck.
1306 4894 1331 4948 in
1356 4895 1545 4967 llrsprungen.
1569 4894 1614 4963 Eq-

322 4979 364 5033 l'r.
390 4980 416 5033 in
441 4977 554 5051 quadarn
578 4978 608 5033 ad
633 4995 675 5033 me
698 4978 829 5051 rescripta
853 4977 969 5051 epistola
1001 4977 1112 5033 ‘dulaui’
1141 4978 1229 5051 inquit
1250 4977 1376 5041 liutteni‚
1410 4987 1441 5034 ut
1471 4979 1535 5034 anibi
1559 4981 1644 5035 elusa
