3934 6034
417 687 490 759 318
588 702 784 755 cccxxxlu.
805 718 925 754 suouous
937 720 1041 755 nunnus
1054 722 1197 757 supensus
1211 722 1383 757 norsnnsuss
1397 723 1529 758 nussum.

414 893 452 934 ae
471 877 600 949 primum
624 876 796 935 arbitrabar
822 875 965 935 bominem
987 879 1099 945 iocari·
1126 895 1198 952 rapo
1217 897 1276 953 ono
1295 882 1423 952 fiducia,
1452 896 1540 953 qnam
1561 879 1702 955 pontifex

345 990 412 1040 sno.
424 986 454 1037 et
470 995 527 1052 per
548 995 579 1036 se
598 982 813 1052 potentissimus
832 986 908 1038 esset
927 983 958 1037 et
976 987 1016 1038 lot
1036 980 1159 1040 baberet
1175 984 1329 1056 principes
1347 983 1404 1041 sibi
1420 982 1566 1055 sustentes.
1611 998 1701 1055 quum

414 1082 457 1139 ad
477 1080 542 1140 brec
564 1082 614 1139 iile
635 1080 774 1153 quiedam
796 1082 1008 1156 respondisset,
1029 1083 1140 1142 subieri
1159 1087 1310 1159 nepoeium
1329 1101 1391 1144 esse
1412 1087 1544 1144 calidum
1559 1102 1597 1143 ae
1610 1085 1701 1160 peri-

412 1187 557 1256 culosum,
579 1188 609 1241 et
627 1184 655 1240 si
672 1185 754 1256 pium
772 1192 859 1255 esset,
879 1190 976 1242 lamen
998 1187 1116 1244 stultum
1138 1203 1200 1245 esse
1215 1193 1329 1246 tentore
1342 1188 1427 1246 euius
1439 1187 1622 1261 perficiundi
1633 1202 1702 1261 spes

412 1302 470 1346 non
490 1295 580 1354 esset,·
601 1283 764 1359 ‘Utcunque
780 1283 830 1345 est'
852 1288 972 1358 inquiam
994 1290 1061 1345 ‘uon
1083 1289 1171 1362 euplo
1190 1290 1228 1347 de
1248 1293 1301 1348 isto
1320 1292 1440 1362 nepoeio
1459 1292 1551 1362 pluro
1572 1290 1723 1355 audire‚·⁵

413 1394 516 1448 ‘meam
536 1398 580 1447 est
595 1390 666 1446 meis
684 1390 790 1461 oioitr'is
808 1389 949 1462 prodesse
961 1390 1088 1464 publicis
1108 1389 1228 1462 stadiis,
1250 1399 1279 1450 et
1291 1394 1442 1450 conuitium
1463 1392 1546 1462 dedi,
1567 1399 1600 1450 ut
1612 1393 1701 1465 piric-

412 1492 486 1566 quid
506 1491 738 1561 atramentali,
760 1492 879 1564 ipsene
900 1507 931 1549 se
951 1495 1008 1551 tali
1029 1496 1149 1566 nepoelo
1170 1495 1353 1553 admisceret.
1400 1497 1468 1553 tulis
1483 1496 1639 1568 instipator
1649 1493 1703 1566 lai

345 1612 411 1661 §.sm
424 1595 564 1653 Hutlena.
609 1592 670 1651 Sed
698 1596 787 1652 mutilo
811 1601 880 1652 ante
907 1610 997 1667 qaum
1025 1598 1074 1654 ille
1100 1597 1242 1654 emineret
1266 1597 1377 1655 libellos
1405 1597 1558 1654 immodice
1583 1596 1699 1668 liberos,

412 1697 557 1755 admonui
580 1696 661 1753 illum
683 1696 792 1762 literis,
820 1702 999 1771 temperaret
1019 1700 1129 1756 calami
1147 1699 1324 1769 libertatem,
1353 1705 1386 1757 nt
1404 1701 1552 1773 principis
1575 1701 1624 1756 sai
1639 1698 1699 1771 la-

412 1817 481 1859 uore
500 1804 599 1873 posset
620 1799 664 1855 ati
680 1805 834 1872 perpetuo.
878 1806 907 1858 et
935 1801 984 1857 ille
1002 1816 1061 1874 per
1082 1802 1184 1859 literas
1207 1802 1360 1874 respondit
1380 1818 1411 1859 se
1430 1802 1601 1875 pariturum
1622 1816 1697 1859 con-
1709 1816 1733 1858 n

412 1903 478 1961 silio
499 1916 572 1960 meo.
617 1900 697 1973 quod
720 1902 746 1958 si
764 1899 901 1973 fecisset,
930 1918 987 1960 non
1010 1904 1069 1960 iam
1088 1903 1223 1961 iotitoret
1249 1919 1286 1960 ao
1309 1901 1475 1977 limitaret,
1499 1904 1554 1962 sed
1573 1919 1700 1976 maanus

413 2006 490 2063 inter
513 2003 658 2061 maximos
683 2010 853 2062 uersaretur
882 2019 919 2062 ao
948 2006 1016 2062 talis
1042 2012 1130 2075 esset,
1158 2012 1190 2062 nl
1212 2008 1290 2063 eitra
1316 2007 1457 2063 inuidiam
1476 2015 1573 2080 posset
1592 2008 1700 2064 ornari.

344 2114 412 2165 §.nn-
424 2106 499 2177 Ouio
521 2114 589 2163 onte
607 2103 662 2163 boe
679 2106 767 2162 etiam
795 2112 920 2180 ternpus,
944 2122 1032 2179 onum
1050 2106 1214 2180 Mopantire
1230 2109 1328 2180 primo
1348 2110 1488 2181 colloquio
1510 2125 1620 2168 meeum
1639 2108 1699 2181 so-

413 2210 582 2278 bolaretur,
604 2207 730 2265 ostendit
748 2206 909 2266 Reoeblini
933 2206 1138 2282 Triumphum,
1162 2224 1282 2267 eormen
1302 2226 1375 2268 sone
1395 2212 1524 2284 elepans.
1568 2212 1652 2269 suasi
1668 2220 1702 2268 nt

407 2316 571 2387 premeret,
599 2310 687 2382 idque
710 2309 826 2368 derebus
851 2310 889 2367 de
914 2312 1027 2381 ealesis,
1058 2327 1095 2368 ne
1118 2313 1183 2383 oseis
1208 2314 1310 2370 nterilo
1335 2315 1474 2371 consultari
1491 2320 1603 2388 posset,
1629 2328 1696 2371 eum
1709 2333 1734 2372 ιι

410 2415 497 2473 iaetu
527 2414 697 2472 diacorum
722 2412 912 2485 prouerbium
948 2413 1099 2470 uictoriam
1129 2412 1281 2472 adornare
1308 2424 1377 2473 onte
1402 2416 1597 2490 triumphum,
1626 2432 1698 2473 neue

413 2518 510 2575 bosles
529 2516 688 2590 Copnionis
706 2515 848 2574 redderet
863 2516 894 2572 in
916 2516 999 2572 ilium
1022 2517 1193 2586 intentiores,
1213 2532 1301 2589 queam
1318 2532 1411 2574 eorrsa
1425 2516 1525 2574 odbno
1540 2519 1570 2575 in
1586 2532 1699 2575 summo

413 2620 584 2679 discrimine
606 2623 794 2686 uersorelar,·
815 2617 894 2691 qirod
914 2617 942 2674 si
964 2632 1022 2675 riou
1044 2619 1250 2691 impetrarem,
1273 2634 1366 2677 eneam
1389 2627 1467 2677 certe
1488 2623 1591 2678 nomeu
1613 2620 1699 2677 dele-

344 2733 410 2784 §.nu
423 2730 477 2781 ret.
522 2720 591 2780 Post
609 2735 721 2778 menses
741 2723 905 2794 complures
927 2722 1032 2778 iterum
1050 2735 1095 2777 me
1113 2721 1248 2778 conuenit
1265 2720 1496 2793 Fronesordiee,·
1513 2724 1611 2795 primo
1631 2727 1699 2779 sla-

413 2828 463 2884 tim
490 2838 650 2897 conpressu
683 2822 840 2896 ropobom,
873 2822 981 2896 ecquod
1007 2823 1183 2880 meminisset
1209 2824 1327 2881 eonsilii
1351 2826 1426 2891 mei,·
1457 2824 1611 2898 respoudit
1636 2840 1700 2882 sese
1709 2844 1735 2883 io

410 2929 502 3003 probe
523 2926 701 2990 meminisse,
729 2942 822 2998 neque
843 2926 998 2997 qrrieouom
1018 2925 1075 2981 sibi
1096 2941 1180 2997 orooro
1202 2924 1352 2982 decretum
1372 2942 1434 2983 esse
1455 2942 1492 2986 oc
1514 2941 1576 2984 meo
1596 2928 1700 2984 oonsi-

343 3034 461 3094 §.ustio
477 3044 591 3104 parere
612 3030 642 3084 in
663 3027 803 3085 omnibns.
848 3028 954 3085 deinde
982 3028 1097 3101 prodiit
1121 3042 1241 3085 carmen
1270 3044 1331 3085 lena
1357 3044 1423 3086 cum
1451 3029 1625 3103 triomphali
1643 3031 1699 3103 pi-

410 3142 497 3192 eluro
518 3148 591 3190 sane
612 3147 700 3204 qinom
721 3131 894 3203 moprtifioo,
915 3131 969 3188 sed
989 3147 1056 3201 onear
1073 3127 1149 3185 nibil
1167 3129 1253 3186 aliud
1270 3145 1358 3202 queam
1381 3130 1559 3205 lnpnionem
1579 3146 1699 3203 praua-

410 3235 600 3304 retinuistis,
625 3239 654 3292 et
676 3234 864 3292 aduersarios
882 3237 1061 3307 provocaret
1080 3232 1152 3289 satis
1173 3247 1229 3289 sua
1250 3240 1353 3306 sponte
1375 3231 1530 3303 furentes·
1557 3249 1612 3292 nec
1636 3233 1700 3291 du-

410 3339 467 3397 bito
486 3339 557 3411 quin
577 3352 613 3394 ea
635 3353 684 3394 res
702 3335 868 3410 improbata
886 3338 924 3394 sit
941 3337 1001 3411 ipsi
1015 3334 1174 3409 Capnioni:
1196 3350 1254 3392 reem
1277 3337 1335 3392 iam
1351 3335 1467 3409 disputo
1488 3334 1561 3408 quid
1575 3334 1736 3407 dipnnmn

342 3440 517 3514 §.posuerit
537 3439 734 3511 aduersariis,
765 3439 819 3497 sed
843 3439 917 3512 quid
942 3438 1110 3512 expedierit
1140 3453 1241 3495 earnm
1264 3436 1475 3497 Ilenebliuieee.
1521 3436 1703 3495 Huiusmodi

407 3549 553 3619 perpetuo
571 3540 661 3613 suem
682 3555 747 3598 meo
766 3542 902 3611 consilia,
924 3543 1035 3613 quoties
1055 3556 1104 3597 res
1117 3541 1226 3597 serium
1240 3541 1392 3599 eonsilium
1409 3542 1584 3615 postularet.
1618 3538 1701 3598 Nul-

410 3649 470 3705 lam
488 3660 620 3717 renouant
644 3642 748 3715 fredus
773 3641 846 3699 mibi
867 3641 931 3714 feeit
954 3658 1020 3701 mem
1042 3642 1184 3713 Hirtleno,
1214 3644 1273 3701 nisi
1294 3642 1449 3701 bilisarium
1473 3641 1584 3714 leuibus
1608 3644 1699 3700 ictum

342 3750 563 3809 §.snouduersas
590 3745 685 3803 bostes
712 3746 884 3817 linpnarum
912 3760 950 3801 oe
976 3745 1118 3801 lunarum
1144 3746 1308 3803 literarum.
1353 3745 1538 3803 aditersariee
1564 3742 1700 3815 ludicri,

411 3852 549 3925 quoniam
571 3847 782 3907 intolerabilem
801 3846 941 3919 flaturam
962 3848 990 3903 si
1010 3848 1124 3905 eluisset
1149 3848 1297 3919 videbam,
1323 3846 1424 3918 salem
1449 3864 1507 3905 non
1536 3846 1736 3913 adrnodarnso

409 3953 490 4027 foui,
512 3968 567 4011 nee
586 3951 686 4009 adbuc
711 3951 810 4009 uellem
829 3965 921 4023 penes
937 3950 1005 4007 istos
1027 3955 1114 4007 totam
1132 3966 1194 4008 esse
1212 3951 1373 4009 uictoriam.
1416 3948 1619 4009 Lolberauom
1638 3948 1700 4021 sa-

343 4058 520 4117 §.subulam
543 4055 625 4114 initio
642 4069 699 4112 non
721 4067 847 4126 prorsus
871 4051 1085 4126 improbabam,
1114 4054 1256 4111 notionem
1284 4067 1399 4125 semper
1420 4052 1592 4126 improbavi.
1637 4051 1701 4110 Sed

408 4162 505 4231 finpot
519 4157 663 4215 Hutlenus
686 4155 719 4212 id
737 4154 817 4228 qnod
833 4170 891 4212 neon
909 4160 964 4224 est,
989 4156 1019 4211 iu
1042 4155 1139 4225 initio,
1161 4171 1227 4213 eam
1248 4154 1327 4213 orbis
1344 4154 1546 4228 applauderet
1557 4153 1698 4226 bulbeno,

335 4295 338 4302 ⁴
407 4263 576 4337 prasertim
604 4258 715 4317 eruditi
736 4257 918 4327 Germanico,
947 4272 993 4314 rna
1020 4273 1133 4331 qtltique
1159 4255 1273 4328 fouisse
1292 4256 1434 4324 diethero,
1460 4263 1489 4314 et
1510 4257 1595 4332 opud
1615 4256 1698 4316 llul-

409 4373 507 4425 lerinum
528 4365 605 4422 reim
625 4376 780 4436 spurcorum
802 4361 929 4418 amicum
950 4358 1080 4430 effutisse
1100 4367 1226 4418 secretos
1247 4358 1388 4432 affectus,
1416 4359 1489 4431 quiid
1508 4366 1584 4418 esset
1604 4360 1733 4422 inbn-ss

409 4470 526 4525 mareins
544 4480 633 4538 quom
653 4465 737 4520 usello
760 4464 797 4521 de
817 4478 910 4522 eartsa
931 4469 1068 4536 suscepta
1090 4464 1243 4521 inimicitie
1271 4463 1337 4522 lum
1357 4465 1512 4535 neumare,
1539 4463 1701 4521 criminari

342 4571 584 4631 §.asserionem
608 4566 691 4639 trpml
717 4561 838 4623 orbem?
864 4571 893 4624 al
917 4568 944 4622 si
964 4563 1061 4623 illusis
1085 4568 1200 4639 pirenei,
1226 4565 1498 4640 Expostulotionem
1524 4570 1610 4624 e’ocul
1636 4571 1697 4624 tam

476 4719 486 4750 ⁹
500 4719 543 4768 cf.
557 4734 639 4785 suprn
652 4717 689 4766 11⁰.
704 4734 839 4767 enxxvnr.
893 4714 913 4747 ¹³
925 4717 1040 4765 :instate
1052 4732 1076 4765 n.
1095 4715 1165 4765 1514.
1215 4715 1234 4747 ¹⁸
1248 4721 1372 4766 (iuncum
1387 4718 1420 4767 elo
1434 4718 1570 4782 triumpho
1584 4733 1697 4783 prover-

409 4806 482 4854 bium
497 4804 596 4854 unlluns
612 4808 662 4860 est,
677 4803 724 4851 sed
738 4803 810 4866 npnsl
823 4801 1056 4866 1³1at.125s.p.·2051
1069 4802 1084 4851 d
1099 4802 1246 4866 Clesippus
1259 4802 1455 4867 Hippothaleus
1470 4804 1512 4852 his
1525 4803 1618 4853 verbis
1633 4819 1698 4853 exn·

409 4892 494 4957 gitut,
514 4886 582 4954 πρὶν
600 4883 781 4954 νενικηκέναι
795 4890 886 4945 ποιεῖς
903 4901 933 4936 τε
952 4884 998 4935 nal
1012 4876 1093 4951 ᾄδεις
1106 4882 1146 4944 εἰς
1159 4880 1264 4935 σαυτὸν
1278 4878 1426 4952 ἐγκώμιον.
1448 4891 1606 4953 [antequam
1621 4891 1698 4939 uice·

409 4979 459 5034 ris,
485 4977 636 5025 encomium
656 4976 682 5023 in
707 4980 734 5022 tn
759 4976 845 5039 ipsum
865 4973 997 5035 conponis
1016 4972 1188 5035 unul-usque.)
1208 4974 1262 5020 Nos
1281 4973 1435 5022 elisereuuus
1453 4972 1608 5042 (inllfitgcn'
1629 4975 1701 5027 bonu

408 5061 599 5126 lrunuub'uun.
619 5059 688 5125 lurp
707 5059 753 5111 bos
772 5058 803 5111 lii
823 5063 899 5127 logni,
919 5064 986 5109 bum
1004 5058 1112 5125 guielu.)
1166 5057 1186 5087 ¹⁹
1205 5057 1376 5122 Francius-dd
1391 5059 1427 5107 cf.
1442 5058 1524 5108 soll.
1539 5059 1699 5123 p.44..§,38.
