3934 6034
297 715 509 766 cccxxxtffl.
528 730 716 765 nuvuuransu
731 729 783 765 aso
797 730 926 765 narraso
939 729 975 764 an
988 728 1093 764 asisin
1107 727 1248 764 srosomrr
1262 723 1426 759 nuseossro.
1464 695 1536 767 339

251 900 450 946 excrementum
473 898 532 947 erat
554 891 634 946 buius
657 890 747 946 mundi
770 898 798 946 et
820 890 939 946 omnium
963 891 1197 951 reiectamentum.
1226 888 1408 963 spectacubun
1438 888 1536 944 rirundo

251 984 279 1030 et
301 975 404 1047 angelis
427 985 452 1031 et
478 975 649 1031 bominibus?
673 993 803 1050 quorsum
825 975 1013 1050 profugiebat,
1042 976 1149 1049 quando
1177 974 1334 1031 versabatur
1356 975 1382 1029 in
1406 972 1533 1047 perieulis

252 1060 404 1119 fluminum,
429 1061 580 1124 latronum,
605 1061 699 1122 uraris,
722 1061 822 1117 deserti
846 1070 874 1116 et
896 1060 1027 1116 falsorum
1050 1062 1182 1117 fratrum?
1205 1060 1232 1114 Si
1257 1059 1351 1115 nullibi
1367 1067 1410 1115 est
1424 1059 1535 1114 dicenda

250 1148 349 1201 veritas
373 1164 452 1219 quani
480 1164 511 1202 ea
539 1146 686 1219 praesidiis,
719 1164 856 1220 nunquam
883 1146 1005 1219 expedit,
1039 1147 1100 1220 quia
1129 1144 1224 1201 nullibi
1251 1155 1293 1201 est
1321 1153 1407 1200 ιιιιιιιιι
1436 1145 1534 1205 elicere.

230 1231 333 1287 aetiam
356 1248 387 1286 er
410 1231 554 1305 prusieliis.
598 1231 701 1305 Corpus
724 1232 878 1305 ponendum
900 1239 956 1292 cst,
979 1232 1002 1287 si
1026 1232 1062 1286 ita
1086 1249 1129 1286 res
1153 1231 1309 1304 poposcerit
1330 1238 1361 1286 nt
1389 1246 1443 1285 non
1472 1248 1535 1303 pos·

250 1317 288 1371 sis
310 1316 449 1389 aufugere.
494 1332 661 1391 quanquam,
684 1317 708 1370 si
730 1316 925 1372 Tertullianum
948 1317 1103 1377 audiamus,
1125 1333 1180 1371 uon
1203 1315 1360 1388 fugiendum
1381 1323 1423 1370 est
1438 1315 1534 1377 ctiam5

250 1410 277 1457 et
299 1402 400 1457 dictum
423 1402 482 1457 lesu
504 1403 537 1457 de
560 1402 611 1457 boo
633 1418 687 1457 non
710 1401 741 1457 ad
765 1419 814 1458 nos
837 1402 969 1475 pertinet,
998 1402 1045 1457 sed
1074 1402 1106 1457 ad
1137 1400 1287 1474 apostolos.
1331 1400 1381 1456 Sed
1404 1400 1535 1456 coniecis-

250 1505 319 1547 sem.
343 1487 448 1560 inquis,
471 1504 513 1542 me
537 1487 563 1541 in
587 1486 694 1542 actdcos
716 1487 878 1543 crabronum
901 1495 928 1542 et
951 1487 977 1541 iu
1002 1486 1171 1542 manifestam
1193 1485 1348 1559 pernicicm.
1392 1485 1459 1553 Quid
1484 1485 1535 1540 boc

249 1573 323 1627 erat?
347 1572 423 1627 audis
446 1571 642 1628 Tertullianum
664 1571 755 1627 dicere
779 1590 858 1646 quem
881 1580 910 1627 ιιι
933 1572 1090 1644 magnifacis
1113 1579 1143 1627 ut
1164 1571 1252 1626 omnia
1281 1579 1388 1644 patrum
1417 1571 1533 1631 decreta.

217 1657 403 1713 ttdlrristiano
426 1675 540 1731 prorsus
563 1657 719 1730 fugiendum
742 1674 795 1713 non
818 1674 893 1718 esse,
917 1665 944 1713 ot
966 1674 1021 1712 uon
1043 1674 1124 1731 posse
1146 1655 1226 1711 etiam
1247 1656 1391 1729 aufugere,
1420 1655 1443 1711 si
1466 1673 1535 1711 rrrar·

250 1743 322 1815 tyrio
343 1742 495 1798 destinatus
518 1742 605 1798 adeo
628 1742 679 1806 sit;
715 1742 791 1797 audis
813 1742 924 1798 Paralum
955 1751 1050 1816 optare
1080 1750 1109 1797 ut
1138 1741 1215 1796 fieret
1242 1741 1381 1797 anathema
1409 1759 1459 1815 pro
1481 1742 1535 1796 fra·

249 1826 337 1883 tribus
359 1846 373 1882 a
396 1827 518 1887 fibristo.
542 1836 570 1883 et
591 1827 683 1882 liosen
705 1826 789 1882 deleri
811 1827 845 1883 de
867 1828 937 1883 libro
960 1828 1036 1890 vitan
1059 1836 1087 1882 et
1108 1827 1175 1882 tanti
1199 1826 1269 1899 apud
1293 1834 1319 1882 te
1341 1834 1383 1881 est
1405 1826 1428 1882 si
1449 1826 1534 1882 conii·

247 1912 303 1967 cias
326 1922 352 1968 te
376 1914 402 1966 in
425 1912 533 1969 aculeos
564 1912 733 1986 quorundam
761 1912 907 1968 stultorum
936 1912 1088 1974 bominum,
1122 1929 1190 1985 quos
1223 1912 1309 1983 magis
1343 1912 1421 1966 times
1455 1929 1534 1984 ‹puaru

247 1997 385 2053 dominnm
406 1998 486 2053 deum
509 1998 602 2053 tuum?
638 1997 721 2064 Quem
745 1998 861 2071 teipsum
885 1998 968 2053 facis?
997 2006 1043 2053 aut
1066 2005 1199 2071 perpetuo
1221 1996 1340 2051 uicturus
1362 1996 1407 2051 esi

216 2097 240 2136 rt
314 2077 413 2159 [fult]
458 2100 506 2139 an.
531 2082 588 2137 Sed
609 2083 657 2137 ubi
675 2082 829 2153 fortunula
851 2100 915 2155 quoe
938 2084 1008 2138 milii
1027 2084 1167 2154 perisset?
1231 2097 1282 2138 or.
1305 2081 1372 2137 lium
1395 2088 1423 2136 et
1446 2089 1533 2137 tecum

249 2169 320 2223 feres
344 2167 488 2241 aliquando
512 2167 677 2223 fortunulanr
707 2166 778 2222 illam
811 2170 901 2223 tiranii
935 2167 1077 2236 Quomodo
1105 2174 1216 2241 poteras
1244 2165 1341 2222 melius
1367 2175 1533 2222 commutare

247 2270 326 2325 quam
357 2271 407 2327 pro
436 2254 484 2309 bac
513 2254 574 2308 ritae
603 2261 711 2308 mtcrnm
740 2254 833 2309 sortiri
864 2254 1049 2310 lraereditateru
1078 2262 1106 2309 et
1133 2250 1261 2325 centuplo
1291 2252 1462 2325 pinguiorem
1492 2269 1533 2308 rc·

245 2338 354 2411 cipere?

311 2418 409 2499 [ssia]
454 2440 503 2479 aa.
528 2423 706 2489 necatas,
735 2424 796 2479 ltn’c
826 2426 949 2480 ratitum
976 2442 1033 2479 aron
1053 2426 1165 2495 patititur
1193 2438 1236 2476 me
1264 2424 1365 2494 angori
1390 2429 1417 2477 ct
1439 2437 1531 2494 cgere,

211 2523 304 2564 annon
325 2511 437 2579 patitur
459 2511 573 2563 latitare
595 2517 622 2564 et
642 2507 755 2580 fugere.
832 2526 882 2566 or.
905 2510 999 2583 Neque
1029 2508 1121 2563 miritis
1149 2507 1208 2563 aliis
1237 2507 1289 2563 boc
1311 2524 1391 2563 suave
1413 2516 1470 2569 est,
1504 2515 1533 2561 ct

246 2602 337 2649 tamen
360 2594 469 2649 ferenda
492 2593 548 2650 lirec
569 2611 634 2649 crux
657 2602 714 2654 est,
738 2594 782 2649 ubi
805 2595 961 2668 eontigerit.
999 2611 1079 2668 quam
1102 2592 1186 2648 multa
1207 2593 1307 2665 tragice
1322 2602 1349 2648 et
1365 2591 1532 2647 tumentibus

246 2678 337 2735 buccis
359 2679 426 2734 dicis
448 2686 475 2734 et
498 2678 594 2734 scribis
616 2679 643 2733 in
666 2678 743 2733 libris
766 2680 819 2735 tuis
841 2680 874 2735 de
898 2678 1052 2741 tolerantia,
1081 2679 1114 2733 de
1138 2678 1313 2734 incommodis
1336 2677 1469 2738 ferendis.
1498 2678 1531 2733 dc

247 2763 451 2836 longanimitate
482 2772 511 2819 et
537 2763 597 2819 aliis
624 2764 790 2820 huiusmodi:
820 2765 866 2838 qui
896 2783 963 2838 ergo
992 2764 1060 2820 alios
1081 2764 1176 2826 doces,
1206 2764 1323 2837 teipsum
1350 2780 1405 2818 non
1433 2763 1532 2819 doces‘t

245 2849 365 2905 ‹tteeum
387 2865 454 2922 crgo
476 2858 504 2904 et
527 2849 577 2904 boc
600 2848 664 2910 tibi,
688 2849 800 2911 lindice,
823 2867 887 2905 cura
910 2859 937 2906 te
960 2850 1061 2924 ipsum!
1085 2857 1130 2905 aut
1151 2857 1225 2904 certe
1247 2847 1360 2904 donabis
1381 2848 1462 2903 etiarn
1484 2866 1532 2904 no·

211 2934 290 2989 osiris
313 2934 496 2990 infirmitatem
518 2934 599 2996 banc,
623 2934 669 3008 qui
693 2935 842 2997 interdum,
865 2936 928 2991 dnm
944 2935 1080 3008 ingruerit
1095 2935 1209 2991 tentatio
1224 2942 1338 3008 propter
1352 2933 1530 3006 evangelium.

247 3021 311 3091 fuga
333 3018 500 3075 consulimus
523 3018 617 3082 saluti;
651 3019 763 3074 donabis
787 3028 814 3075 ct
836 3019 968 3081 fiattono,
1000 3019 1072 3093 quod
1095 3019 1316 3093 persequentium
1340 3018 1394 3074 iras
1416 3026 1445 3074 ct
1467 3018 1531 3074 insi·

243 3105 301 3160 dias
323 3103 510 3160 declinaverit:
545 3121 604 3158 narn
629 3122 661 3158 ne
685 3102 757 3160 illius
780 3121 889 3178 qnoque
912 3104 1036 3160 ualetudo
1060 3105 1110 3161 buc
1133 3104 1251 3166 ferebat,
1285 3112 1316 3158 ut
1343 3104 1415 3159 inter
1437 3103 1530 3160 bostes

244 3198 407 3245 versaretur.

309 3269 407 3350 [stin]
453 3291 501 3330 nn.
526 3275 656 3329 lt'omtam
676 3276 764 3345 pitane
786 3281 911 3340 caiiistot,
935 3294 971 3329 caii
997 3277 1101 3331 veritos
1122 3276 1286 3347 coangelico
1307 3276 1344 3330 sit
1364 3290 1453 3345 penes
1473 3274 1530 3330 Lu-

208 3360 366 3416 aotftcrum.
433 3376 483 3416 or.
506 3359 556 3426 fini
580 3376 633 3415 nou
656 3368 779 3420 constat,
803 3360 854 3415 nisi
879 3362 948 3415 forte
972 3360 1041 3434 apud
1057 3379 1104 3416 eos
1120 3361 1164 3434 qui
1181 3360 1437 3434 scripturisdivinis
1452 3359 1529 3415 sulem

243 3444 345 3500 nullam
368 3443 483 3500 babent?
507 3444 604 3517 quidsi
627 3462 680 3499 ttttn
705 3444 806 3518 piacet,
832 3464 896 3517 ago,
921 3446 960 3499 vir
982 3446 1036 3505 sis,
1060 3446 1172 3501 ostende
1195 3446 1348 3501 irrendacenr
1370 3446 1443 3501 esso!

308 3524 405 3605 [gaufr]
450 3546 500 3586 un.
525 3531 606 3597 (tuan
626 3533 652 3583 si
671 3538 783 3584 euaristo!
807 3531 945 3597 Ifutteuo,
982 3533 1043 3586 neri
1062 3533 1256 3598 fatuosissimo,
1289 3538 1316 3586 ct
1342 3537 1467 3602 paratus
1489 3537 1532 3586 cst

239 3632 296 3686 pro
317 3615 395 3669 illius
416 3613 581 3687 defensione
604 3622 720 3670 mortem
744 3624 895 3687 oppetere,
925 3632 979 3670 cur
999 3615 1107 3687 [regitat
1129 3632 1164 3670 ae
1192 3618 1304 3672 latitet?
1335 3624 1383 3672 erat
1410 3618 1529 3674 Romam

242 3706 294 3754 out
314 3706 361 3753 eof
383 3702 412 3754 iu
435 3701 707 3772 Gallogcrmonium‚
741 3702 790 3755 ubi
809 3703 950 3772 coralingct
977 3708 1096 3771 sperato
1119 3704 1228 3772 palmia.
1305 3717 1356 3757 or.
1385 3700 1529 3775 Egregium

207 3793 316 3842 saeorte
339 3786 464 3840 aouruen!
488 3785 548 3859 quis
572 3793 709 3860 sperasset
733 3794 787 3842 tarn
810 3786 915 3857 insigne
937 3785 1152 3860 delyrarneutuur
1174 3805 1189 3842 a
1212 3787 1269 3842 viro
1290 3795 1344 3842 tarn
1360 3789 1486 3861 prudenti
1502 3796 1530 3843 et

242 3870 366 3925 enrriitol
399 3887 454 3926 non
477 3871 560 3943 pudet
582 3880 609 3926 te
633 3879 685 3927 tam
713 3870 858 3945 puerilium
885 3870 1152 3945 dclprarnentorurn‘?
1185 3889 1238 3928 non
1267 3871 1407 3944 cogitabas
1434 3872 1529 3929 saltem

242 3955 314 4010 viros
336 3953 415 4011 bodie
438 3971 498 4011 esse
520 3956 600 4012 etiam
623 3955 706 4012 laicos
729 3956 797 4028 legis
820 3956 1015 4030 peritissimos,
1039 3956 1138 4031 quibus
1160 3956 1183 4012 si
1204 3966 1348 4031 perspecta
1369 3957 1447 4014 fieret
1472 3959 1530 4013 base

241 4038 357 4095 stultitia
386 4047 448 4101 tna,
487 4058 552 4096 naso
580 4041 697 4097 luissent
727 4041 885 4116 suspensuri
915 4050 956 4102 te,
988 4041 1026 4097 rel
1056 4042 1173 4098 aredium
1200 4042 1316 4116 digitum
1345 4044 1528 4100 ostenderent.

241 4123 289 4180 Eat
313 4125 436 4186 Romam.
468 4126 572 4199 inquis,
606 4136 653 4182 erit
681 4127 707 4182 in
735 4126 987 4198 fiallogernrauiam.
1032 4128 1120 4195 Quare
1147 4136 1177 4183 tu
1206 4145 1260 4184 noa
1283 4127 1341 4183 abis
1364 4129 1396 4185 ad
1419 4130 1528 4188 furcas.

208 4210 298 4269 toimo
320 4210 352 4265 ad
376 4220 438 4266 tutis
465 4210 700 4285 Gallogermanos,
735 4220 763 4267 ut
791 4211 958 4285 evangelizes
987 4230 1100 4285 reguum
1126 4213 1185 4274 dei,
1218 4231 1278 4269 euru
1307 4214 1404 4269 doctor
1431 4215 1469 4270 sis
1501 4222 1529 4270 et

241 4295 402 4368 theologus,
432 4304 459 4350 ct
488 4295 594 4368 linguas
622 4296 723 4353 babes?
757 4299 899 4370 continget
928 4306 956 4353 et
984 4297 1029 4354 liic
1051 4307 1158 4372 sperata
1181 4297 1268 4373 palma
1291 4298 1354 4357 tibi:
1386 4300 1527 4373 continget

238 4398 340 4437 corsuna
369 4381 442 4442 ritae,
471 4381 504 4436 de
537 4400 588 4456 apra
617 4384 747 4458 scripturn
777 4392 819 4439 cst
847 4384 874 4438 in
903 4382 1059 4458 apocalipsi.
1104 4383 1159 4439 buu
1182 4401 1266 4457 quare
1289 4391 1318 4439 tu
1340 4384 1450 4441 llomaru
1473 4402 1527 4440 nou

239 4466 312 4527 abis,
336 4466 418 4522 toties
441 4484 490 4539 per
511 4467 664 4541 porrtilicrrn
687 4466 794 4524 illectus
817 4477 973 4543 tractusque
995 4478 1023 4524 et
1037 4469 1134 4525 viatico
1149 4469 1300 4543 promisso:
1324 4470 1370 4542 qui
1385 4471 1457 4526 sedis
1473 4479 1527 4525 tam

238 4551 352 4606 alerotus
374 4570 404 4607 es
426 4551 533 4608 cultori
556 4554 610 4608 Aut
631 4572 715 4629 quare
737 4554 880 4628 pontifices
896 4554 934 4609 tui
951 4571 1006 4609 non
1022 4554 1054 4610 ad
1071 4555 1171 4611 furcas
1186 4555 1351 4616 consulunt,
1374 4555 1421 4628 qui
1438 4565 1526 4611 unrcn

205 4636 291 4693 ssboc
320 4637 407 4711 ipsum
434 4646 531 4693 vorent
559 4638 746 4701 iureiurando,
779 4640 842 4695 durn
871 4640 898 4695 in
927 4640 1069 4713 pontifices
1099 4640 1289 4700 asciscuntur,
1316 4648 1347 4695 ut
1380 4640 1526 4714 aliquando

238 4721 425 4795 evangelizent
448 4723 528 4778 etiam
552 4724 646 4781 Turuis
668 4735 696 4781 et
719 4726 863 4798 gentibus?
896 4725 984 4793 Quare
1012 4733 1102 4781 autem
1126 4725 1179 4783 bue
1200 4744 1254 4783 raon
1277 4729 1363 4781 eunti
1397 4725 1525 4799 quoniam

240 4891 442 4902 ..—

304 4991 415 5042 7Ιιιιιιιιι
436 4995 459 5041 f.
513 4987 534 5022 ¹²
552 4997 580 5041 et
598 4991 866 5059 Mos011]2.bfosseb
881 4996 905 5042 1.
924 4995 1000 5044 illuso
1015 4997 1041 5043 3.
1095 4992 1115 5026 ¹⁰
1133 4993 1209 5043 velet
1222 4997 1248 5045 3.
1300 4991 1323 5026 ²³
1341 4994 1486 5045 toleranda
1500 4999 1524 5045 1.

234 5078 324 5127 sedin
342 5093 478 5127 eimeorr.
530 5075 554 5108 ⁸⁰
572 5076 623 5126 Cui
637 5083 663 5129 3.
715 5078 769 5111 ³⁵³⁶
787 5078 866 5129 defir.
883 5079 908 5129 3.
963 5078 985 5111 ⁴²
1003 5078 1172 5146 Apocalypsi
1186 5080 1212 5128 3.
1248 5074 1271 5110 ⁴⁸
1290 5077 1527 5132 adsensuntura.

1230 5162 1300 5223 22*
