3934 6034
527 692 725 744 cccxxxlll.
746 707 866 744 srouoin
879 708 981 743 ensem
995 707 1139 743 novennes
1153 705 1324 741 usrnnonnns
1338 706 1470 741 uvarum.
1572 676 1645 748 293

357 867 430 927 arilei
449 868 609 926 consultius
631 868 722 924 nisum
745 872 789 925 est
808 866 857 925 hie
877 867 1099 939 conquiescere,
1124 865 1217 924 donec
1235 866 1389 940 principes
1410 871 1439 923 et
1456 865 1567 923 errrditi
1580 873 1645 923 sta-

357 971 415 1029 diis
434 971 547 1028 omissis
565 976 707 1044 expetant
726 986 762 1027 ea
780 971 903 1028 consilio
927 963 1020 1041 *quae
1037 970 1100 1026 sine
1120 970 1243 1026 tumultu
1260 962 1448 1042 prospiciant
1465 969 1644 1040 eranpetiere

358 1075 475 1132 ueritati
492 1078 521 1130 et
538 1073 644 1144 plortre
666 1071 783 1129 Christi.
818 1070 935 1130 Bellum
959 1087 1027 1130 uero
1046 1078 1103 1143 est,
1125 1070 1205 1144 quod
1225 1071 1294 1128 dum
1317 1070 1414 1128 studet
1435 1070 1531 1129 uideri
1543 1069 1633 1141 festi·
1646 1085 1714 1135 §.iou

358 1193 424 1244 uiis,
447 1177 490 1233 ait
510 1175 584 1233 mihi
602 1191 656 1233 eeu
682 1173 803 1247 Caiphae
825 1189 925 1231 aerum
945 1174 1093 1232 excidisse
1113 1173 1238 1245 dictum,
1260 1172 1462 1231 Lutheranam
1479 1172 1644 1230 doctrinam

331 1284 444 1338 ⁵tolom
470 1279 600 1351 opprimi
619 1293 677 1334 non
698 1293 798 1351 posse,
820 1278 880 1335 nisi
898 1278 986 1334 simul
1005 1280 1129 1334 corruat
1149 1275 1225 1333 bona
1242 1292 1318 1350 pars
1339 1277 1519 1348 eoanpelicoe
1537 1292 1646 1351 synce-

356 1383 452 1439 ritatis
480 1397 516 1438 ac
539 1380 667 1453 publiete
697 1380 852 1450 libertatis,
886 1380 973 1452 quasi
998 1394 1055 1436 non
1084 1378 1161 1437 idern
1192 1394 1309 1452 semper
1334 1379 1565 1436 constantissime
1586 1382 1646 1435 tum

358 1484 444 1542 dietis
476 1490 535 1540 tam
563 1484 682 1556 seriptis
711 1484 765 1539 sim
788 1488 916 1540 testatus.
960 1480 1000 1538 Et
1020 1481 1075 1539 hoc
1093 1496 1138 1538 me
1160 1481 1338 1553 discruciat,
1367 1482 1435 1539 istos
1456 1482 1499 1539 sic
1524 1496 1645 1539 causeam

357 1603 461 1659 apere,
490 1586 578 1659 aiensi
597 1586 714 1642 serrari
733 1587 839 1655 nolint,
871 1586 988 1642 tametsi
1006 1583 1107 1656 siquid
1126 1590 1205 1642 recte
1227 1583 1311 1641 docet
1330 1581 1491 1654 torturus,
1524 1599 1581 1641 noa
1602 1588 1646 1641 est

355 1688 491 1757 turturi,
515 1687 569 1745 sed
592 1686 710 1745 Christi.
755 1686 821 1744 Iam
841 1689 938 1759 firtpal
962 1702 1008 1744 me
1034 1686 1164 1744 scribere
1184 1693 1288 1745 eontra
1309 1685 1486 1751 latinorum,
1509 1702 1549 1742 an
1570 1688 1713 1747 eiustnoi.

323 1793 404 1849 soret
422 1793 469 1848 ius
490 1806 546 1848 non
568 1792 625 1847 erit
645 1792 674 1848 ei
694 1791 747 1862 aad
766 1805 833 1848 eum
852 1788 981 1847 Luthero
1004 1804 1155 1862 nnoiquam
1177 1788 1315 1847 habuerit
1328 1787 1446 1860 foedus,
1469 1795 1498 1846 et
1515 1803 1572 1861 quo
1588 1788 1644 1846 de-

357 1894 493 1952 hortante
514 1909 577 1950 rem
598 1900 627 1950 et
648 1894 736 1966 erepit
756 1899 785 1950 et
806 1891 956 1965 lineasque
974 1887 1135 1965 prorexit?
1164 1891 1276 1963 Finpot
1296 1907 1342 1949 me
1364 1893 1446 1950 initio
1463 1890 1560 1963 fuisse
1580 1889 1645 1949 Lu-

356 1997 439 2054 thero
457 1994 622 2066 sanctorem,
656 1996 784 2053 arrideo
811 2001 899 2053 errent
924 1995 997 2053 mihi
1022 1994 1180 2068 probanda
1202 1995 1301 2051 omnia
1332 2010 1399 2067 quae
1426 1993 1542 2060 scribit,
1573 1994 1645 2067 quia

353 2101 536 2173 placuerunt
564 2094 715 2157 exordia?
741 2097 818 2167 (braid
845 2098 872 2154 si
895 2095 1042 2154 Lutheras
1061 2097 1186 2171 posthac
1207 2096 1318 2154 scribat
1339 2096 1483 2155 erderersus
1504 2097 1644 2154 articulos

353 2196 450 2274 fidei?
479 2217 518 2258 an
543 2200 688 2259 Haltenus
716 2200 821 2258 oetabit
847 2200 990 2257 (aduersus
1016 2214 1082 2257 eum
1111 2180 1263 2257 scribere?
1290 2198 1349 2257 Cur
1370 2204 1467 2257 autem
1488 2198 1714 2263 Ilattenassaon.

323 2319 448 2377 musone
470 2303 546 2362 adeo
560 2302 671 2375 ferocit
688 2302 832 2361 aduersus
850 2316 898 2360 eos
917 2302 969 2375 qut
982 2301 1116 2359 scribunt
1130 2301 1274 2360 aduersus
1287 2300 1462 2368 lutherum,
1486 2316 1552 2359 cum
1570 2299 1646 2357 nihil

356 2408 471 2464 intersit
491 2407 568 2463 inter
590 2405 788 2479 disputantem
808 2412 836 2463 et
855 2400 1050 2464 scribentem?
1077 2403 1225 2463 Lntherus
1246 2404 1288 2461 ad
1309 2404 1535 2478 disputationem
1556 2404 1644 2460 etiam

353 2515 505 2584 prouocat.
550 2506 585 2565 Si
603 2508 739 2567 doctrina
760 2509 840 2566 illius
858 2522 986 2581 syncera
1006 2514 1063 2577 est,
1083 2524 1140 2582 per
1160 2507 1420 2566 contradictionem
1442 2508 1519 2565 velut
1537 2520 1644 2563 enarrem

355 2615 424 2685 ipae
437 2617 601 2685 parantum
620 2612 716 2683 irrepis
737 2612 897 2678 elucescet·
916 2610 962 2666 sin
982 2607 1145 2680 falsasti,
1172 2615 1251 2668 recte
1272 2611 1465 2684 impupnatnr
1487 2608 1525 2666 ab
1547 2609 1644 2667 omni-

355 2715 425 2782 bus,·
457 2714 503 2771 sin
525 2712 662 2786 quadam
687 2711 773 2770 ltabet
797 2712 885 2784 falsa
909 2713 986 2770 ueris
1013 2712 1164 2783 adnuente,
1197 2718 1389 2786 repurpatur.
1434 2713 1479 2769 An
1497 2712 1714 2785 protinastaos.

321 2830 345 2869 2⁰
356 2817 524 2876 subvertero
544 2821 632 2873 totum
651 2817 849 2888 ernrrpelium,
876 2816 904 2873 si
923 2830 990 2873 cum
1009 2813 1137 2873 liuthero
1160 2814 1318 2889 disputem,
1348 2831 1387 2872 an
1414 2815 1534 2888 qirilibet
1554 2813 1644 2871 Chri-

354 2922 468 2979 stianus
489 2917 700 2984 astacades,
735 2934 774 2975 on
803 2919 902 2977 omnia
928 2923 1096 2975 sanctorum
1119 2933 1212 2991 opera
1239 2920 1298 2975 sint
1320 2914 1468 2992 peecata?
1499 2916 1645 2974 ertherus

355 3025 417 3098 ipse
440 3037 497 3079 reon
516 3019 666 3091 formidat
685 3035 794 3091 meum,
828 3021 885 3077 imo
907 3036 961 3078 rire
987 3022 1160 3093 cuiusquam
1185 3023 1341 3089 assultum,
1373 3021 1428 3079 sed
1450 3019 1528 3091 forti
1546 3022 1645 3076 anieno

354 3131 493 3198 espectet
507 3123 665 3181 Erasmum
681 3124 708 3180 si
717 3123 854 3196 prodeat.
894 3121 971 3192 pieta
984 3124 1076 3194 ipitur
1092 3126 1287 3182 tumultuatur
1304 3123 1463 3196 IIuttenus,
1479 3127 1644 3196 suspectam

355 3229 471 3285 interim
492 3225 621 3283 reddens
641 3224 765 3282 lutheri
785 3224 965 3294 doctrinam,
988 3239 1076 3298 quam
1095 3227 1137 3283 ita
1155 3226 1270 3284 demum
1290 3226 1397 3285 eredat
1414 3224 1484 3297 fore
1502 3225 1643 3293 stabilem,

320 3345 346 3382 es
355 3333 382 3388 st
403 3343 486 3387 nermo
507 3323 688 3400 labefactet?
708 3326 920 3401 Hecataeum,
943 3343 1000 3385 non
1022 3327 1102 3401 qetod
1121 3328 1195 3385 mihi
1213 3332 1251 3387 sit
1271 3331 1388 3387 animus
1402 3330 1547 3401 conpredi
1562 3344 1627 3386 curn
1643 3343 1702 3391 §.tu

353 3432 496 3499 hrrthero,
519 3434 546 3489 si
564 3433 652 3490 liceat
673 3431 890 3503 eoreqrtieseere‚
911 3429 966 3487 sed
979 3436 1011 3487 ut
1024 3429 1148 3488 Hutteni
1160 3433 1315 3491 calumniis
1332 3432 1537 3507 respondeam.
1575 3430 1638 3503 Epo

363 3537 564 3606 Vertumnum,
587 3533 723 3592 Proteum
744 3549 781 3591 ae
798 3533 940 3609 Polypum
962 3537 1023 3608 epi,
1045 3540 1149 3592 memet
1168 3537 1196 3592 in
1217 3536 1315 3593 omnia
1336 3544 1466 3608 uertens,
1488 3537 1564 3596 nihil
1580 3553 1636 3594 non

354 3637 520 3709 olfaciens
540 3643 568 3694 et
587 3639 717 3710 patiens,
748 3653 786 3694 ne
805 3638 1004 3709 pertraherer
1030 3639 1060 3694 in
1089 3636 1168 3695 harre
1195 3653 1319 3697 arenam
1340 3640 1561 3713 plodiatoriarn.
1608 3641 1637 3696 in

354 3743 454 3799 aretam
475 3738 712 3814 pertrahentibus
731 3738 919 3797 manibusue
935 3739 1061 3813 pedibus
1078 3742 1221 3798 excusavi
1239 3756 1302 3807 me,·
1323 3743 1466 3801 intentata
1483 3759 1523 3800 eu
1542 3744 1639 3800 altera

318 3852 441 3918 uoparte
460 3844 597 3917 pericula
614 3843 726 3915 partim
755 3842 914 3911 declinari,
944 3845 1057 3916 partim
1080 3845 1270 3916 propulsari,
1298 3846 1413 3917 partim
1441 3844 1640 3911 dissimulavi,-

355 3949 470 4006 Casari
490 3963 535 4004 me
555 3945 702 4013 subduui‚·
730 3943 872 4015 fortunas
894 3944 1007 4003 oblatas
1033 3951 1202 4003 constanter
1224 3949 1377 4015 recusaui;
1400 3954 1441 4006 tot
1461 3947 1640 4016 monarchis,

353 4058 393 4109 tot
403 4049 604 4124 principibus,
621 4055 660 4106 tot
673 4049 775 4106 amieis
794 4048 850 4105 hue
866 4047 1033 4105 iterantibus
1048 4049 1192 4105 cucusam
1204 4063 1258 4106 me.
1297 4047 1366 4107 ‘Sed
1384 4051 1436 4123 aiii
1456 4057 1483 4109 te
1499 4047 1631 4109 inritant’
1644 4064 1711 4113 §.ios

353 4155 446 4226 irruerit
469 4153 621 4210 ‘aduersas
632 4150 806 4215 lutherum,
828 4159 883 4208 aut
899 4151 1093 4223 potentissimi
1105 4157 1174 4207 sunt
1187 4158 1240 4209 erut
1249 4153 1385 4225 pessimi,
1409 4160 1461 4211 aut
1476 4151 1641 4225 ntrunrpue'.

358 4254 450 4313 Tacito
478 4257 574 4327 rnapis
600 4254 744 4311 lluttenus
773 4253 896 4312 debebat
922 4253 1074 4312 admirari
1093 4257 1287 4313 constantiam
1315 4270 1426 4313 meam:
1458 4258 1511 4327 qui
1531 4263 1642 4330 poten-

318 4371 345 4410 :1⁵
354 4360 458 4417 tissimi
479 4367 562 4427 sunt,
593 4357 638 4414 his
660 4359 690 4413 in
711 4357 839 4429 procliui
857 4361 901 4414 est
922 4364 950 4413 et
967 4356 1099 4431 perdere
1126 4363 1154 4414 et
1179 4374 1320 4425 seruare,·
1345 4360 1397 4431 onii
1419 4359 1541 4431 pessimi
1565 4364 1641 4421 sunt,

350 4461 499 4533 facillime
528 4459 658 4525 tadum,-
691 4460 743 4531 qui
767 4465 837 4516 sunt
857 4465 1019 4532 utrunque,
1045 4461 1139 4532 mapis
1158 4462 1246 4517 etiam
1267 4466 1335 4519 sunt
1357 4459 1582 4531 formidabiles:
1614 4469 1643 4517 et

353 4571 450 4622 tamen
471 4562 611 4620 lectotenus
633 4577 687 4618 nec
708 4560 746 4618 ab
768 4561 814 4618 his
832 4563 963 4635 perpelli
980 4564 1079 4636 poluit
1099 4562 1245 4621 Erasmus
1268 4565 1316 4621 ille
1338 4564 1473 4634 infirmus
1498 4570 1527 4621 et
1546 4562 1640 4621 imbe-

352 4668 428 4724 cillis
449 4671 478 4723 et
499 4665 542 4721 ad
563 4666 695 4737 querentis
716 4680 824 4721 auram
843 4664 964 4722 mobilis.
1004 4663 1128 4721 Interim
1151 4665 1259 4724 irridet
1279 4672 1307 4723 et
1327 4666 1403 4723 illud
1424 4664 1504 4738 arrad
1523 4667 1632 4739 scripsi
1642 4683 1710 4732 §.aa

352 4776 440 4828 totum
462 4768 603 4825 rnurrdnnr
625 4783 733 4824 aeirere
754 4768 851 4824 stilum
878 4768 908 4823 in
936 4765 1112 4836 Lntherum,
1146 4773 1175 4825 et
1194 4770 1348 4826 minitatur
1365 4766 1437 4838 fore
1456 4747 1641 4827 Lutherarms

318 4874 407 4946 soqeri
424 4873 520 4929 stilum
543 4876 655 4928 recitant
674 4871 704 4927 in
724 4885 783 4935 nte,
815 4870 948 4942 iubetque
966 4870 1023 4928 sibi
1035 4872 1260 4929 commonstrari
1276 4872 1366 4929 alirrrn
1386 4871 1533 4944 arcendam
1551 4888 1641 4930 mien-

420 5056 430 5089 *
450 5055 499 5123 ait]
519 5058 630 5121 Expost.
645 5057 668 5118 5.
683 5056 742 5113 2¹22.
791 5054 812 5087 ³³
832 5054 931 5122 inquit]
951 5058 1064 5123 Expost.
1079 5058 1102 5119 ς.
1115 5055 1173 5107 205.
1226 5057 1248 5089 ³⁸
1266 5056 1352 5123 irridh
1372 5059 1487 5124 Expost.
1501 5059 1524 5120 ξ.
1541 5057 1596 5108 lon.
