3934 6034
460 689 658 740 CCCXXXHI.
680 705 799 740 srouals
812 705 914 741 sanson
929 704 1072 741 snvnnsvs
1085 701 1259 739 assensisses
1273 699 1405 736 surram.
1504 666 1577 737 315

291 881 323 924 se
343 863 415 921 milri
429 870 626 939 praeponant,
649 870 680 921 ut
697 870 765 923 suat
784 871 864 923 certc
883 865 1049 937 complures
1070 865 1123 937 qui
1142 862 1176 919 id
1195 876 1247 918 suo
1267 860 1333 918 iure
1349 859 1472 933 possint.
1516 854 1568 913 Si·
1580 863 1648 913 §.³⁵2

293 969 355 1025 mili
371 965 475 1039 sroate
493 965 573 1037 facit
593 982 639 1025 me
667 968 848 1041 versipellem
869 968 1050 1041 quempiam,
1077 967 1176 1025 ommia
1197 963 1359 1022 simulandi
1379 977 1417 1019 ac
1439 960 1580 1018 dissimu-

292 1071 378 1128 landi
397 1071 504 1126 mirum
526 1072 678 1141 artificem.
722 1084 811 1143 quam
840 1085 908 1129 uera
929 1068 978 1128 bie
999 1076 1087 1128 totum
1108 1067 1265 1125 Erasmam
1287 1068 1406 1138 iqrcorat
1427 1061 1580 1130 Huttenus,

291 1175 342 1231 cui
355 1172 430 1231 nibil
447 1179 491 1230 est
509 1171 664 1244 difficilius
680 1187 769 1247 quam
790 1172 932 1230 simulare
951 1187 989 1230 ac
1005 1171 1206 1237 dissimulare,·
1228 1169 1298 1241 qnia
1316 1149 1416 1241 potius
1433 1166 1582 1238 iaqeaium

270 1281 336 1334 sest
356 1291 447 1348 usque
469 1274 511 1332 ad
530 1276 665 1333 stulticiae
688 1275 786 1332 uitium
801 1276 928 1348 simplex
948 1281 977 1333 et
992 1281 1141 1348 apertum,
1165 1274 1269 1344 linqua
1286 1271 1454 1345 periculose
1475 1267 1580 1338 libera,

293 1386 321 1437 et
344 1378 420 1435 adeo
442 1393 499 1435 nou
520 1378 597 1434 solco
614 1375 728 1448 saliere
749 1392 914 1450 quenquam
937 1378 1076 1435 simulata
1098 1375 1254 1445 blanditie,
1282 1382 1314 1431 ut
1342 1372 1460 1445 siquid
1480 1369 1581 1442 olica-

293 1481 359 1550 dat,
387 1480 482 1538 aratia
509 1481 638 1537 seuerior
664 1480 714 1551 sit,
742 1495 830 1552 quam
856 1480 980 1537 animus.
1025 1478 1098 1537 ‘Non
1121 1476 1223 1551 sallcs'
1252 1478 1347 1550 iuquit
1374 1473 1505 1549 ‘postbac
1526 1477 1651 1531 mersu.

294 1585 383 1640 ‘uultu
401 1580 469 1641 tuo’.
516 1581 622 1651 Ouessa
641 1596 771 1655 quartam
790 1583 820 1639 ia
839 1599 873 1640 re
888 1581 1033 1640 Hutteuus
1050 1580 1151 1651 salsus
1171 1585 1215 1639 est
1228 1594 1291 1638 meo
1312 1573 1414 1637 inulta?
1433 1577 1491 1635 Ille
1512 1576 1585 1634 mibi

293 1701 345 1743 sao
363 1686 443 1743 uultu
464 1685 616 1759 imposuit:
641 1700 710 1741 uam
732 1685 817 1759 apud
837 1699 882 1743 me
898 1700 969 1759 prae
989 1700 1020 1742 se
1037 1683 1157 1754 ferebat
1174 1685 1280 1742 miram
1301 1682 1486 1752 modestiam,
1508 1694 1583 1738 coa-

263 1788 405 1846 ¹⁰tinebat
421 1789 532 1860 linquae
547 1788 755 1860 petulantiam.
800 1792 853 1845 urit
869 1789 960 1859 iqitur
977 1802 1053 1845 aava
1074 1787 1211 1859 quiedam
1232 1785 1342 1844 accidit
1359 1784 1404 1842 illi
1422 1790 1582 1842 metamor-

291 1890 405 1965 pbosis,
434 1894 486 1947 aut
512 1891 566 1946 illa
594 1895 682 1946 erant
702 1891 820 1963 cqreqie
836 1888 954 1961 fucata.
999 1889 1172 1962 Dispeream
1192 1890 1220 1946 si
1239 1888 1429 1947 credidissem
1450 1888 1480 1944 in
1502 1887 1653 1944 uui-§.m

296 2008 380 2050 uersa
404 1992 563 2050 Germania
586 1997 697 2048 tantam
718 2008 779 2050 esse
800 1993 950 2063 vacuitatis,
972 1992 1175 2065 impudentia,
1197 1992 1388 2061 incivilitatis,
1411 1990 1583 2060 virulentiae,

295 2102 436 2169 quantum
455 2093 504 2153 bie
526 2111 601 2153 uirus
621 2094 708 2153 babet
727 2094 850 2153 libellus.
895 2093 956 2153 Nec
974 2102 1071 2152 tamea
1090 2109 1126 2152 ea
1147 2094 1184 2152 de
1200 2109 1293 2152 carisa
1310 2108 1373 2150 sum
1392 2091 1516 2165 saturus
1532 2093 1588 2150 ulli

298 2199 444 2256 Germana
468 2198 611 2271 iniquior,
638 2205 691 2255 aut
719 2198 839 2256 miamis
864 2195 1005 2269 facturus
1026 2212 1165 2271 sqnccros
1185 2198 1295 2255 amicos
1315 2196 1351 2254 ob
1369 2210 1459 2253 unum
1481 2195 1582 2252 iuimi-

263 2308 363 2359 ¹⁵eum
391 2301 527 2357 amicum.
572 2299 632 2358 Nec
656 2300 752 2374 pudet
780 2301 863 2358 illum
889 2315 949 2371 me,
978 2301 1008 2357 ia
1035 2301 1120 2358 cuius
1138 2301 1256 2375 scriptis
1277 2305 1360 2357 tauta
1380 2298 1501 2357 libertas
1521 2302 1652 2367 est‚§a⁵⁵.

297 2402 456 2460 identidem
477 2403 633 2476 appellare
655 2402 845 2461 Gnathonem.
888 2401 1016 2476 proinde
1031 2404 1200 2476 periculum
1220 2407 1276 2471 cst,
1300 2418 1337 2459 ne
1355 2403 1407 2474 qui
1427 2401 1531 2473 leperit
1551 2400 1583 2457 ia

297 2505 379 2562 libris
400 2506 470 2562 meis
484 2510 524 2562 tot
536 2504 643 2562 laudes
658 2504 784 2563 llrrtteaa
798 2504 935 2576 tributas,
955 2505 1109 2565 ancilletur
1125 2505 1306 2563 Gaatboaem
1321 2505 1469 2562 assentari
1485 2500 1585 2559 Tbra-

297 2608 369 2666 soai.
415 2607 509 2680 b'opor
530 2613 559 2665 et
580 2607 628 2666 bio
650 2608 790 2667 iudicium
813 2609 843 2666 in
866 2607 993 2666 lbitteuo
1014 2609 1184 2681 requirere:
1206 2624 1294 2682 quum
1311 2608 1388 2666 caim
1410 2605 1506 2664 uideri
1523 2613 1654 2664 ue-tbw·

298 2712 332 2767 tit
354 2710 540 2768 Germanica
558 2711 665 2783 plorioe
683 2710 808 2782 uindex,
837 2726 983 2784 quumque
1009 2711 1079 2769 libri
1102 2713 1161 2769 rrrei
1180 2712 1267 2786 pleni
1292 2711 1351 2768 sint
1371 2710 1585 2767 Germanorum

264 2812 453 2884 uirtutibus,
476 2828 571 2870 noane
593 2812 662 2870 dum
680 2829 725 2871 me
742 2812 823 2885 facit
842 2819 1065 2884 assentatorem,
1087 2829 1208 2884 uarium,
1230 2812 1364 2885 vafrum,
1386 2814 1485 2883 leuem,
1505 2825 1585 2884 poa-

300 2915 355 2972 dus
372 2913 503 2973 detrabit
517 2914 649 2973 ommibus
669 2917 729 2974 illis
750 2911 910 2974 laudibus?
931 2922 959 2974 ct
980 2922 1077 2973 tamea
1099 2915 1147 2974 bic
1169 2916 1244 2974 adeo
1268 2916 1343 2974 nibil
1360 2930 1418 2989 per
1438 2920 1655 2976 asserta-tasi.

300 3021 404 3076 tionem
423 3025 466 3077 est
487 3018 612 3088 dictam,
635 3024 668 3074 at
687 3020 774 3076 ctiam
795 3035 847 3078 cas
868 3018 986 3088 laudes,
1012 3034 1087 3091 quas
1103 3018 1230 3076 llattcno
1251 3018 1354 3094 tribui,
1376 3016 1527 3075 tribuerim
1547 3030 1588 3072 ex

300 3123 415 3180 terrimo:
441 3120 579 3195 placebat
604 3120 730 3193 indoles,
756 3120 896 3195 placebat
917 3136 992 3178 uena
1014 3121 1167 3188 dictionis·
1194 3122 1334 3180 eaimium
1354 3120 1498 3194 quiddam
1518 3117 1591 3175 mibi

296 3224 460 3298 pollicebar
481 3240 521 3282 eo:
542 3225 706 3281 accessione
729 3223 831 3293 studii,
854 3239 924 3280 usus
943 3230 972 3280 ct
991 3225 1095 3282 (etatis.
1140 3241 1179 3280 rra
1201 3223 1266 3281 ideo
1286 3239 1350 3281 sum
1372 3227 1544 3291 assentator,
1562 3221 1591 3278 si

266 3337 292 3375 ²5
303 3328 353 3384 illc
365 3325 491 3398 fefellit,
510 3343 567 3384 rtoa
583 3342 628 3384 rae
643 3326 740 3397 moda,
757 3326 958 3384 verumetiam
977 3341 1075 3383 ornnes
1089 3327 1193 3399 quibus
1208 3329 1290 3384 illum
1306 3317 1497 3400 praedicari?
1518 3321 1580 3380 Sed
1589 3335 1656 3388 §.ssa

301 3429 438 3486 blarulior
459 3445 523 3486 sum
550 3429 620 3486 dum
647 3427 743 3487 scribo
764 3427 961 3502 prirrcrpibus.
1007 3443 1107 3486 uernrm
1129 3431 1245 3488 interim
1273 3414 1589 3505 παρρησιαζόμενος,

303 3530 353 3589 ubi
366 3548 414 3589 res
428 3533 578 3606 postulat.-
600 3533 738 3589 nimirum
759 3533 802 3589 sic
822 3530 944 3605 expedit
965 3533 1094 3589 tractari
1112 3534 1220 3605 leones,
1246 3537 1275 3590 et
1294 3531 1403 3590 diaiaoe
1420 3530 1516 3589 litera
1533 3527 1591 3584 do-

301 3638 368 3692 ceat
379 3633 568 3708 principibus
589 3633 691 3692 deberi
710 3635 921 3692 reuereritiam:
944 3634 994 3692 ubi
1012 3651 1080 3693 uero
1100 3637 1142 3695 sic
1164 3635 1315 3708 blandior,
1337 3640 1369 3692 ut
1384 3632 1515 3708 prodam
1538 3648 1590 3691 ue-

301 3731 441 3794 ritatem?
467 3735 532 3794 lltri
545 3752 613 3795 uero
627 3738 722 3809 maqis
738 3734 938 3810 profuerunt,
960 3753 1015 3810 epo
1034 3738 1184 3810 blandior,
1209 3754 1249 3796 aa
1264 3737 1386 3811 quidam
1405 3737 1448 3795 ad
1466 3735 1578 3812 rabiem
1590 3753 1658 3804 §.aso

267 3848 394 3911 saraque
414 3834 575 3897 maledici?
594 3839 662 3897 Iam
683 3841 796 3912 reqiaoe
817 3846 846 3899 et
868 3855 966 3912 repes,
989 3842 1042 3914 qui
1060 3840 1136 3900 nibil
1156 3847 1224 3901 ante
1245 3840 1303 3898 bac
1324 3840 1458 3914 lcqeboat
1475 3845 1590 3913 prater

299 3939 455 4012 fabulosas
476 3941 629 4012 historias,
651 3941 758 4000 liabent
778 3944 961 4015 euanqclium
984 3944 1014 3999 ia
1032 3943 1177 4014 manibus,
1200 3944 1334 4004 eraluuat
1355 3958 1460 4002 sacras
1475 3944 1587 4012 literas,

299 4043 435 4116 prandeat
452 4044 569 4116 aliquid
596 4043 710 4102 discere
732 4045 769 4102 de
790 4046 934 4119 mysteriis
953 4044 1149 4120 pbilosoplrire
1170 4046 1354 4104 Cbristianrc.
1398 4051 1504 4103 narret
1522 4059 1579 4102 uo·
1591 4063 1658 4113 §.soa

303 4146 345 4202 bis
367 4145 512 4203 lluttenus
533 4162 672 4218 quorsum
692 4146 843 4221 profuerit
866 4150 958 4222 ipsius
985 4148 1208 4207 maledicentia:
1235 4154 1337 4207 sancte
1361 4147 1514 4206 blanditur
1540 4147 1593 4220 qui

232 4257 235 4261 ’
303 4250 334 4306 ia
356 4248 410 4307 lroc
432 4248 583 4306 blanditur
604 4256 636 4306 ut
650 4252 747 4322 prosit
766 4252 868 4322 alteri,
899 4265 956 4309 reon
977 4251 1049 4309 sibi:
1074 4252 1174 4324 siquid
1193 4251 1334 4309 ambirem
1356 4267 1376 4307 a
1392 4250 1590 4326 principibus,

269 4363 294 4404 ss
300 4358 398 4425 posset
418 4367 480 4409 csse
500 4359 635 4427 suspecta
656 4368 721 4410 mea
743 4352 916 4421 blandities:
943 4370 1023 4412 arrrrc
1045 4354 1120 4412 ailril
1139 4354 1249 4425 ambio,
1277 4360 1329 4411 aut
1346 4355 1374 4412 si
1392 4354 1466 4427 qnid
1486 4353 1590 4425 ambio,

369 4537 381 4569 ²
400 4539 436 4587 ef.
452 4555 475 4588 a.
491 4555 530 4604 gr.
544 4540 656 4603 Expost.
670 4540 708 4600 ἐξ.
723 4537 781 4588 229.
795 4554 835 4603 sq.
888 4538 898 4570 ³
918 4538 1036 4605 ignorat]
1057 4540 1087 4589 ln
1106 4546 1213 4590 tantum
1233 4545 1378 4605 cognorat,
1399 4543 1429 4589 nt
1447 4541 1591 4589 Erasmica

303 4624 451 4674 simulandi
475 4623 720 4689 dissimulandique
745 4640 789 4673 ars
813 4626 896 4673 etiarn
921 4626 993 4689 apud
1017 4627 1186 4675 recentiores
1210 4627 1288 4690 quasi
1313 4626 1340 4674 in
1370 4627 1515 4691 proverbio
1545 4627 1590 4675 sit.

302 4710 390 4759 ⁷Non
410 4706 480 4773 fait]
507 4710 668 4774 etExpost.
687 4708 782 4770 §.2:31.
802 4710 835 4759 de
856 4710 949 4759 ‘vultu'
973 4717 1065 4760 autom
1088 4711 1157 4759 nihil
1182 4712 1254 4773 apud
1272 4713 1437 4761 Huttenum:
1461 4713 1591 4762 Erasmus

304 4812 363 4844 euin
383 4810 431 4843 siro
450 4794 537 4858 ipsius
561 4794 705 4858 phasmate
725 4801 837 4860 pugnat.
892 4794 909 4827 ¹¹
931 4793 1035 4861 fricata]
1056 4797 1218 4862 ef.Expost.
1233 4800 1255 4857 ξ.
1270 4795 1311 4845 38.
1366 4796 1387 4828 ¹⁶
1405 4795 1518 4863 appeli]
1537 4799 1591 4847 Ex-

302 4888 373 4946 post.
386 4883 424 4940 §§.
442 4879 496 4927 170.
511 4878 569 4928 2⁶29.
623 4877 674 4910 ¹²¹⁸
687 4879 849 4937 Thrasonis,
868 4881 1012 4931 insolentis
1027 4897 1059 4930 ae
1073 4882 1185 4948 gloriosi
1198 4882 1294 4932 militis
1313 4880 1367 4947 (ap.
1381 4884 1493 4932 Terent.
1507 4883 1591 4946 Eun.)

303 4982 402 5015 nomen
420 4968 549 5015 Erasinus
574 4970 671 5029 postea
689 4966 884 5030 Eppendorifio
903 4967 1024 5017 tribuere
1043 4968 1141 5017 solitus
1161 4972 1211 5017 est.
1281 4965 1303 4998 ²⁸
1321 4965 1416 5033 mano]
1440 4967 1528 5019 libere
1551 4969 1590 5020 lo-

303 5065 397 5116 quens.
