3934 6034
538 678 736 728 cccxxxm.
758 694 876 729 srosaxs
890 692 994 727 passm
1007 692 1150 729 anvsnsvs
1163 692 1336 728 assensisses
1350 692 1481 728 avarsus.
1582 664 1649 733 291

365 850 404 908 ab
426 852 555 911 instituta
577 858 636 910 tam
658 858 760 911 sancta
781 851 823 910 ad
843 866 905 909 rem
926 853 1183 911 sceleratissimam
1203 850 1368 922 transferri
1382 854 1539 925 patacrim.
1579 858 1613 910 at
1625 855 1655 911 ia

365 953 421 1011 boc
440 961 506 1012 erat
526 957 571 1013 illi
590 955 802 1025 laborandam,
824 960 857 1012 at
878 954 996 1013 doceret
1015 970 1078 1012 esse
1099 971 1198 1012 aeram
1220 954 1300 1027 aaad
1321 957 1451 1012 assamii.
1494 953 1546 1012 Ibi
1567 956 1655 1014 rabe-

365 1072 447 1113 meas
461 1064 562 1115 arator
576 1058 651 1115 nibil
667 1058 755 1116 babet
774 1056 854 1130 qaod
870 1056 965 1127 dicat,
983 1058 1044 1115 nisi
1058 1056 1187 1129 ‘paidam
1205 1057 1278 1114 mibi
1294 1055 1480 1117 narrararrt'.
1519 1058 1655 1116 Graviter

363 1164 394 1215 et
413 1161 554 1235 atrociter
576 1162 727 1218 acclamat
746 1161 777 1215 ia
795 1174 860 1216 erata
880 1160 932 1232 qai
948 1159 1065 1217 deserta
1082 1165 1111 1217 et
1121 1160 1243 1233 prodita
1257 1176 1350 1219 caasa
1365 1162 1537 1232 eraapeiica
1551 1167 1655 1219 trans-

343 1277 356 1314 s
362 1260 480 1333 [aperit
500 1262 543 1319 ad
559 1270 675 1338 partem
695 1263 857 1332 diversam,
882 1264 935 1333 qai
950 1264 1079 1335 pecaaia
1099 1267 1258 1336 corruptas
1278 1261 1366 1319 barras
1387 1264 1478 1333 airas,
1505 1266 1654 1323 veritatem

362 1366 578 1437 eaaapelieam,
600 1365 761 1422 libertatem
779 1363 930 1437 publicam
947 1367 1066 1423 sammis
1087 1364 1196 1422 eiribas
1216 1380 1392 1438 appapaare
1412 1368 1551 1441 coepcrii:
1573 1369 1657 1440 ataai

363 1466 418 1523 iare
439 1467 518 1539 aaad
538 1468 674 1538 assamit,
703 1473 755 1523 aat
775 1469 932 1525 convenire
954 1467 1053 1525 debait
1076 1469 1153 1525 inter
1174 1482 1240 1537 aas,
1266 1474 1318 1524 aat
1339 1468 1451 1526 idaacis
1472 1472 1654 1542 arpameatis

362 1575 430 1626 erat
450 1569 656 1642 probandam,
686 1570 861 1644 priaspaam
890 1572 1002 1627 reniret
1021 1570 1064 1627 ad
1081 1571 1145 1627 illas
1175 1586 1242 1628 saas
1271 1569 1396 1641 affectas
1423 1573 1560 1644 trapicas.
1605 1581 1644 1631 tat
1655 1584 1722 1633 §.aa

361 1674 505 1746 epistolis,
527 1677 567 1729 tat
587 1672 705 1743 libellis,
730 1677 769 1728 tat
794 1673 1042 1742 testificationibus
1059 1677 1205 1746 perpetua
1224 1674 1321 1730 clama
1343 1688 1390 1730 mc
1411 1677 1510 1731 meatri
1526 1674 1656 1746 sactiaai

330 1777 438 1832 maalle
464 1776 587 1841 bivaibi,-
619 1789 697 1847 qaar
730 1772 763 1829 id
787 1776 966 1846 statuissem,
998 1777 1105 1833 mattas
1133 1775 1228 1834 reddo
1254 1791 1377 1847 caasas,
1410 1783 1438 1833 et
1468 1783 1565 1835 tamea
1596 1795 1654 1837 aaa

363 1894 460 1934 sicaries
486 1877 611 1952 prodidi
617 1897 627 1944 ;
661 1885 747 1949 ataae
769 1875 828 1934 bac
849 1878 878 1933 ia
901 1894 935 1934 re
956 1878 1032 1935 nibil
1050 1893 1095 1935 me
1123 1883 1246 1936 aceram
1271 1893 1337 1935 mea
1363 1880 1542 1938 canscientia
1570 1881 1656 1955 apad

362 1980 488 2037 iadicem
509 1979 671 2037 Citristam:
694 1980 724 2036 ia
747 1980 836 2036 tractis
855 1994 956 2037 reram
979 1980 1161 2049 tramitibus,
1184 1982 1214 2038 ia
1237 1982 1327 2038 tacetis
1349 1982 1607 2056 etiamperiealis
1626 1990 1655 2041 ei

359 2080 456 2152 scama
477 2092 506 2141 et
524 2084 590 2140 ritce
610 2083 654 2140 ita
676 2080 846 2140 moderatas
861 2098 923 2139 sam
937 2097 1004 2140 mea
1019 2084 1155 2152 coasilia,
1178 2088 1278 2141 atace
1297 2085 1436 2142 tamaltas
1451 2093 1538 2143 aatar
1551 2102 1651 2156 essem,

362 2201 416 2241 aec
437 2200 559 2243 causam
583 2201 651 2256 aare
672 2184 744 2240 mibi
765 2199 821 2241 aaa
842 2184 1028 2257 probabatur
1049 2186 1238 2255 adiararem,
1265 2203 1319 2245 acc
1345 2190 1548 2260 eaaapelicam
1571 2191 1652 2247 reri-

328 2293 451 2345 atatem
474 2287 583 2346 aiicabi
600 2286 769 2360 proderem.
813 2285 848 2343 Si
864 2285 919 2344 bac
939 2288 1114 2361 iadipaatar
1136 2288 1293 2359 Halteras,
1319 2289 1399 2361 para
1418 2305 1476 2347 aaa
1493 2294 1641 2365 profitear
1652 2310 1720 2360 aar,

361 2406 423 2446 siaa
443 2405 509 2447 cam
531 2391 596 2462 ipsa
612 2388 789 2460 Latiarum,
811 2390 870 2447 icaa
894 2396 963 2447 ttrite
985 2393 1144 2449 iriermiam
1165 2391 1199 2450 id
1219 2398 1338 2450 testatas
1368 2407 1433 2451 sam
1461 2395 1491 2451 ia
1513 2396 1653 2453 earaaide

361 2493 467 2550 addita
485 2494 636 2565 catiaaaiis
654 2491 860 2563 scarailiaribas
881 2491 1020 2564 Lavaaii,
1050 2509 1095 2551 aie
1120 2495 1157 2552 ab
1180 2510 1218 2552 ea
1237 2494 1371 2566 factiaae
1392 2498 1602 2557 aiiem'ssimam
1625 2506 1654 2557 ct

359 2612 422 2652 esse
441 2603 471 2652 et
487 2611 602 2669 semper
621 2593 758 2665 saturam
765 2615 776 2661 ,·
797 2611 850 2652 aec
872 2595 935 2668 ipse
952 2598 1044 2653 salam
1066 2598 1182 2668 absam,
1205 2613 1306 2656 aeram
1330 2600 1439 2657 amicas
1456 2614 1652 2673 qaascamqae

356 2700 453 2771 patai,
478 2705 509 2755 at
528 2698 632 2756 eadem
653 2698 808 2769 facereret,
829 2714 886 2771 pra
908 2714 974 2757 mea
997 2700 1078 2757 airiti
1097 2716 1161 2759 sam
1185 2700 1361 2759 adbartatas
1373 2708 1402 2759 et
1417 2701 1517 2760 adbac
1534 2703 1650 2761 adbar-

326 2808 421 2870 rstar,
441 2817 495 2859 ace
516 2800 549 2858 id
566 2800 674 2872 facere
696 2801 838 2858 desinam.
884 2799 1054 2860 Factiaacm
1077 2804 1196 2876 appella
1215 2803 1343 2861 stadiam
1361 2803 1438 2862 iliad
1456 2807 1549 2863 (animi
1562 2808 1641 2864 aetat
1653 2820 1719 2870 aas.

360 2906 390 2961 iri
413 2905 512 2961 amaria
531 2920 598 2977 pace
619 2902 767 2961 Lattaras
788 2905 919 2977 scripsit,
948 2903 1052 2962 scribit
1073 2912 1125 2962 aat
1144 2907 1310 2979 scripturas
1336 2912 1392 2977 est,
1422 2907 1531 2974 ira·ati,·
1564 2914 1651 2980 ttiqae

360 3006 408 3064 bie
431 3005 555 3077 (affectas
575 3022 777 3080 sapen-amera
798 3005 879 3063 barris
900 3007 988 3064 etiam
1011 3008 1081 3063 ciris
1101 3008 1230 3080 imporat.
1264 3009 1335 3081 qaia
1354 3015 1383 3066 et
1393 3010 1501 3081 palam
1520 3010 1652 3068 amaibas

360 3110 463 3167 ramicis
484 3110 676 3179 deartaciaei,
707 3118 739 3165 at
759 3110 786 3164 si
803 3124 848 3165 me
869 3123 926 3165 riaa
942 3117 1064 3182 passeat
1085 3126 1190 3168 aeaeae
1215 3112 1274 3167 aisi
1292 3109 1511 3181 Latiieraaam,
1533 3119 1652 3170 samarit

359 3214 390 3269 ia
411 3227 456 3270 me
478 3227 679 3285 qaemcaaaae
701 3212 788 3269 aeliat
809 3208 958 3281 cclfcciam.
1003 3212 1076 3270 Ama
1097 3213 1258 3271 libertatem
1265 3233 1276 3279 ,·
1297 3215 1372 3272 restiti
1389 3212 1519 3284 fractioni
1538 3214 1650 3272 sarrire

323 3332 416 3374 atreo
437 3317 500 3372 trata
521 3331 575 3371 nee
591 3329 720 3387 passam.
748 3314 914 3371 Amicaram
937 3330 1031 3373 caiisa
1053 3331 1111 3373 aaa
1133 3325 1233 3385 craia,
1256 3317 1363 3388 iaqait,
1385 3316 1558 3376 deserendae
1574 3317 1718 3386 La-§.aa

359 3418 437 3475 iberi
446 3425 566 3491 partes,
591 3433 714 3490 qaaram
734 3418 845 3490 aliquot
864 3418 957 3475 iactat
977 3420 1065 3476 etiam
1088 3419 1126 3476 de
1143 3435 1189 3476 me
1205 3418 1276 3476 beae
1294 3422 1425 3489 meritas,
1444 3421 1496 3493 qai
1513 3426 1574 3477 tam
1590 3435 1648 3479 aaa

355 3523 470 3595 passiat
490 3521 579 3578 aselli
597 3519 761 3577 alatitera
782 3536 871 3592 qaam
890 3519 927 3578 ab
946 3521 1014 3594 ipsa
1028 3523 1160 3578 veritate.
1197 3520 1271 3590 Qaas
1287 3522 1395 3579 amicas
1409 3529 1516 3580 aarrct
1532 3525 1648 3591 nescim·

358 3619 435 3696 *epa
456 3623 539 3680 aidea
561 3625 668 3680 mattas
697 3623 824 3681 artabae
849 3622 979 3682 Latbera
1009 3623 1219 3694 deditissimas,
1252 3640 1332 3681 narie
1358 3626 1473 3697 partim
1505 3641 1646 3698 mussare,

354 3728 466 3801 partim
488 3727 599 3784 tardere
618 3725 784 3784 Latberaai
803 3728 942 3797 marianis,
967 3729 1080 3800 partim
1108 3727 1255 3785 dammare
1276 3726 1355 3799 qaad
1377 3728 1465 3801 prias
1489 3729 1645 3802 approba-

322 3829 438 3887 sobam.
476 3828 511 3886 Si
530 3830 684 3902 qadspaam
708 3830 820 3886 amicas
840 3836 953 3887 tardam
976 3831 1061 3903 apad
1082 3845 1127 3887 me
1153 3831 1245 3887 aalait
1267 3845 1413 3901 ariaaam,
1437 3836 1469 3887 at
1489 3832 1519 3887 ia
1542 3832 1635 3905 ipsias
1646 3845 1714 3894 §.ssa

353 3933 485 4004 aratiam
507 3948 553 3990 me
573 3932 743 3991 (addicerem
757 3931 939 3991 Latiararae
958 3932 1102 4005 sactiaai,
1124 3933 1218 3990 cidem
1235 3932 1291 3991 bac
1305 3933 1438 4005 turpiter,
1462 3948 1499 3989 ne
1514 3933 1552 3991 ab
1566 3935 1646 3992 iilbcs

353 4033 486 4105 factione
508 4036 684 4099 desciscam:
711 4037 738 4092 si
759 4050 804 4093 me
822 4037 975 4109 qaisqaam
999 4036 1073 4094 ridit
1092 4042 1152 4094 tam
1168 4043 1283 4109 potam,
1313 4042 1346 4094 at
1373 4041 1462 4093 taticm
1483 4035 1644 4095 Licibcram

352 4137 520 4212 probarim,
551 4140 656 4212 patiar
684 4144 714 4194 at
734 4154 779 4195 me
809 4148 886 4196 vacet
911 4137 1132 4213 riripsaspidem
1152 4153 1210 4211 pra
1227 4138 1363 4195 Erasma.
1407 4137 1511 4207 *Quid
1537 4145 1713 4207 aaterasssi.

354 4243 461 4299 miram
493 4244 520 4298 si
548 4255 602 4312 epa
631 4256 761 4298 recascm
791 4256 894 4298 aamea
916 4239 1093 4312 laiberarii,
1126 4257 1193 4300 cam
1214 4241 1263 4299 iiic
1289 4242 1432 4299 neminem
1454 4240 1569 4298 rideam
1594 4243 1646 4315 pai

318 4346 496 4403 assastiaeat
516 4344 578 4401 diei
592 4340 803 4402 Latberaaas?
824 4359 894 4401 actm
916 4345 997 4417 qiiad
1017 4345 1163 4403 Ilatteaas
1184 4360 1266 4415 repre
1287 4341 1415 4402 admittit
1435 4343 1515 4402 bane
1536 4346 1643 4417 appal-

354 4451 509 4518 tatiaaem,
539 4450 646 4504 miram
668 4449 765 4506 rideri
784 4464 841 4505 riam
863 4446 957 4518 debet,
990 4464 1056 4506 cara
1077 4464 1131 4505 nec
1153 4448 1216 4520 ipse
1236 4445 1383 4503 Latberas
1407 4453 1550 4518 ceprrascat
1569 4462 1644 4517 eam,

356 4570 393 4611 ac
411 4553 611 4626 patraciaiam
633 4553 722 4608 etima
745 4557 913 4618 masmar,-
935 4557 963 4609 et
983 4552 1041 4607 aisi
1061 4566 1107 4607 me
1125 4550 1219 4623 plane
1241 4546 1327 4618 saliit
1351 4550 1444 4607 terimi
1464 4550 1643 4620 coniectare,

354 4658 455 4714 maliet
472 4655 631 4712 Erasmaat
653 4655 859 4713 aciacrsariam
882 4671 971 4728 paam
988 4652 1149 4711 Ilatteaam
1166 4657 1429 4726 prapapreatarem.
1467 4650 1544 4708 *sed
1565 4653 1644 4710 illias

354 4776 402 4818 res
421 4758 552 4830 sortasse
574 4760 616 4817 sic
638 4758 758 4831 babent,
782 4761 879 4817 atilli
901 4758 975 4815 bema
994 4759 1031 4814 sit
1052 4755 1218 4814 [atberaai
1238 4752 1423 4825 vacabatam,
1447 4760 1545 4828 atpate
1565 4755 1645 4827 qaod

420 4948 441 4981 ²³
461 4945 558 5013 inquit]
579 4944 798 5011 Expast.§.144.
868 4943 889 4975 ⁸³
910 4936 1222 5009 bepdamabazelipeo
1240 4943 1351 4991 abiecto
1371 4940 1531 5006 fugientem.
1568 4941 1641 4991 diee-

353 5036 435 5087 batar
454 5036 538 5084 etiam
557 5021 787 5096 α’σπιὸαποβλής,
801 5019 926 5096 ἀπέβαλε
940 5023 991 5097 τὴν
1003 5018 1123 5091 α’σπίδα,
1141 5028 1250 5078 hastam
1270 5027 1384 5077 abiecit.

1351 5112 1418 5172 19*
