3934 6034
332 694 406 764 464
444 708 610 758 CCCXCIV.
632 704 717 771 [iveri
732 704 824 771 unum]
843 724 879 757 un
893 723 1056 757 uronoornn
1070 722 1126 756 iou.
1142 722 1223 756 enom
1240 722 1363 756 nivosum
1378 720 1543 759 nesrossio.
1564 715 1622 755 1⁵³2.

332 880 385 935 illis
404 879 613 953 scriptionibus,
648 879 746 952 quilius
773 881 868 935 lumem
895 887 1004 935 tuorum
1033 880 1070 936 ita
1100 880 1185 935 tueris
1212 886 1242 933 ut
1267 878 1336 933 alios
1359 879 1425 933 nihil
1450 879 1519 934 irrole
1541 881 1575 934 de
1597 888 1621 935 te

331 964 442 1019 meritos
462 962 578 1022 laceres.
603 971 631 1017 ut
654 966 760 1019 cineres
783 963 862 1018 elium
884 971 965 1035 utque
982 982 1043 1019 osse
1063 965 1111 1019 viri
1128 965 1194 1018 sutis
1212 963 1285 1023 uoti,
1309 962 1432 1017 llocturis
1448 963 1541 1024 (irrisi,
1561 981 1620 1018 cru·

330 1047 428 1102 delitet·
455 1048 567 1102 infames
594 1055 621 1101 et
652 1048 839 1120 persequaris,
869 1064 921 1118 ego
951 1047 1030 1102 binos
1056 1048 1163 1102 libellos
1193 1064 1308 1119 quorum
1339 1047 1418 1101 elteri
1453 1046 1548 1102 titulus
1579 1056 1619 1103 est

333 1131 436 1185 ‘italica
460 1130 609 1202 'llieologio
632 1132 728 1191 Croti’,
762 1130 841 1185 elteri
871 1130 1012 1204 ‘Epistulre
1035 1132 1195 1186 Lullieranre
1217 1131 1314 1190 Croti,
1338 1131 1418 1185 etiem
1449 1131 1481 1185 ud
1504 1139 1538 1206 ⁸te
1561 1131 1620 1186 mit·

263 1216 398 1276 Mittam,
431 1223 461 1269 nt
490 1231 520 1268 ex
548 1215 589 1269 liis
617 1216 734 1287 teipsum
757 1216 856 1270 intueri
887 1224 914 1269 et
939 1214 1117 1287 contemplari
1146 1215 1243 1287 possis.
1295 1213 1346 1268 Sed
1376 1222 1520 1286 antequam
1547 1213 1638 1270 clau-5

329 1300 389 1353 «lom
411 1298 524 1353 amicum
546 1297 721 1371 Epistolium.
750 1299 826 1353 unrici
853 1299 925 1353 serio
953 1298 1046 1353 lecinm
1074 1299 1205 1357 officium.
1241 1306 1321 1370 teque
1351 1298 1532 1357 cohortabor.
1562 1300 1619 1371 ipse

330 1382 378 1437 tilii
399 1383 425 1436 in
449 1382 605 1437 memoriam
625 1383 732 1454 redigas
755 1390 782 1437 et
805 1383 910 1454 cogites
931 1383 1002 1437 inter
1020 1401 1089 1455 quos
1111 1400 1125 1437 a
1150 1382 1252 1437 teneris
1275 1382 1374 1442 tueris,
1396 1382 1423 1435 in
1446 1381 1546 1454 quilius
1565 1390 1619 1436 stu·

329 1466 395 1528 diis,
427 1467 497 1520 inter
519 1483 588 1537 quus
609 1467 731 1521 liomines
753 1466 839 1527 ultus,
862 1467 1006 1528 educatus,
1030 1467 1128 1539 quilius
1150 1466 1271 1521 moribus
1294 1476 1321 1520 et
1349 1465 1475 1521 sensibus
1503 1466 1618 1521 imbutus

329 1559 357 1605 et
377 1550 525 1605 innutritus
548 1550 600 1612 sis.
623 1558 650 1604 et
673 1550 800 1606 adversus
824 1568 892 1622 qnos
913 1568 983 1605 nunc.
1005 1552 1081 1623 qnasi
1103 1550 1208 1623 uraguis
1230 1550 1390 1604 eruditionis
1412 1557 1439 1604 et
1457 1547 1618 1621 eloquentiae

329 1634 430 1688 viribus
453 1641 585 1688 armatum
606 1643 631 1689 te
652 1642 788 1695 ostentes,
809 1635 936 1689 oilversus
952 1652 1021 1706 quos
1038 1634 1129 1691 stilum
1153 1633 1246 1703 illum,
1269 1650 1326 1688 uon
1351 1634 1386 1687 itu
1412 1633 1615 1691 formidabilem.
1628 1652 1648 1688 io

329 1734 425 1773 acuere
446 1718 593 1784 miniteris,
624 1718 736 1773 monime
764 1727 853 1773 aulem
884 1736 938 1790 quo
960 1735 1031 1773 nuuc
1052 1718 1151 1773 oliieris
1173 1726 1213 1778 et,
1243 1726 1273 1771 ut
1297 1716 1407 1772 omniuo
1427 1716 1494 1772 nelis
1512 1734 1616 1777 nocere.

329 1802 393 1874 quid
415 1800 459 1854 illo
482 1800 522 1871 (ut
545 1802 741 1857 modestissime
763 1800 859 1871 ilicum)
882 1803 1011 1862 obscura,
1036 1802 1172 1874 plumbeo.
1195 1801 1334 1862 intricata,
1358 1800 1487 1874 impedito
1502 1802 1617 1856 dictione

330 1886 476 1940 edocturus
500 1886 545 1945 sis,
571 1886 633 1957 qiiid
659 1894 710 1940 tum
734 1887 802 1940 vires
823 1887 850 1939 iu
871 1885 1616 1957 octottiootogicainlitumsint,oo1nmoolloemu

261 1969 542 2025 §.ltrlretoricotiene
567 1973 633 2023 odeo
654 1969 720 2023 uiliil
745 1977 875 2041 pugnent.
920 1969 1031 2041 lugenio
1056 1978 1102 2024 tuo
1126 1987 1233 2043 semper
1252 1968 1354 2041 aliquid
1375 1968 1505 2023 triliuisse
1528 1969 1617 2024 dicun·

330 2061 374 2107 tur
396 2052 437 2123 (ut
459 2061 522 2107 time
544 2060 603 2107 erat
625 2052 755 2122 seculum)
779 2054 824 2125 qui
849 2071 903 2107 nnn
926 2053 1080 2107 stultissimi
1105 2071 1152 2109 uec
1174 2052 1350 2108 indoctissimi
1374 2061 1467 2113 eraut.
1490 2062 1520 2107 et
1540 2053 1647 2108 facilen

327 2137 422 2196 credo,
447 2136 469 2189 si
492 2138 561 2210 opud
585 2144 611 2191 te
634 2137 743 2196 luisses.
772 2137 794 2189 si
818 2154 871 2191 non
890 2154 921 2190 ex
946 2137 1005 2209 ipsu
1025 2155 1124 2209 pavore
1144 2137 1221 2192 mulce
1243 2136 1416 2192 conscientie
1438 2137 1516 2209 quasi
1540 2137 1618 2192 helie·

329 2228 426 2279 totuin,
456 2229 482 2274 et
510 2222 535 2275 in
559 2221 650 2292 seipso
674 2220 787 2275 fructum
811 2239 841 2275 oc
870 2228 991 2275 retusum
1019 2229 1092 2275 esset
1117 2221 1269 2292 ingenium,
1302 2227 1331 2275 et
1353 2220 1483 2281 ieiunior,
1516 2220 1618 2292 laugui-

327 2305 387 2359 dior
414 2312 442 2358 et
469 2305 635 2377 inquinatior
656 2305 723 2358 locta
746 2313 819 2359 esset
842 2305 943 2365 oratio,
972 2305 1044 2376 quod
1074 2305 1142 2360 lione
1173 2306 1258 2377 ipsum
1280 2303 1440 2377 Apologiam
1463 2303 1518 2359 alio
1539 2323 1618 2377 orgu-

330 2396 420 2442 meuto
443 2388 616 2461 scripsisses,
639 2387 736 2460 panto,
761 2396 791 2442 nt
813 2390 851 2442 sie
872 2387 983 2460 loquor,
1006 2388 1167 2449 defecatius,
1188 2389 1270 2444 relius
1293 2396 1320 2442 et
1341 2405 1466 2460 personae
1487 2396 1617 2462 attempe-

259 2472 429 2534 §.mrutium
452 2473 483 2526 ml
507 2490 585 2544 ‹puom
609 2473 631 2526 si
652 2473 746 2527 ordine
768 2472 864 2527 liberet
888 2473 1067 2544 respondere,
1100 2472 1202 2527 rideres
1226 2480 1251 2527 te
1273 2472 1407 2545 depictum
1431 2478 1459 2526 et
1483 2473 1648 2545 expictumeo

328 2564 414 2610 totum
437 2564 464 2610 et
487 2557 584 2610 mentis
605 2564 658 2611 time
682 2557 824 2628 imaginem
848 2556 895 2610 tilii
919 2564 1069 2617 ostensum,
1092 2573 1188 2628 nempe
1211 2556 1361 2612 emtionem
1384 2564 1458 2611 triam
1481 2556 1616 2612 horridum

327 2650 354 2695 et
376 2642 530 2700 consensum:
560 2640 643 2694 multu
670 2641 741 2694 enim
769 2640 835 2695 dicis
863 2640 979 2712 trepido,
1010 2640 1175 2695 tumentibus
1198 2641 1223 2694 iu
1248 2658 1294 2695 ore
1318 2640 1420 2699 verbis.
1445 2648 1473 2695 et
1495 2642 1615 2703 conluse,

327 2724 411 2779 multe
431 2724 600 2796 displicitura
625 2722 676 2778 illis
700 2724 781 2796 ipsis,
805 2725 902 2796 «puluis
926 2725 1018 2778 stmles
1040 2724 1161 2797 placere:
1184 2724 1271 2779 iiriinio
1296 2733 1385 2779 nutem
1410 2725 1467 2779 sine
1486 2727 1615 2797 sauguine

327 2817 354 2864 et
382 2808 485 2868 neniis,
510 2809 598 2863 omma
621 2806 708 2862 liiulco
731 2816 757 2861 ot
781 2807 946 2881 interrupto,
970 2809 1058 2862 ommn
1081 2817 1220 2869 exurente,
1243 2809 1330 2863 ieiimu
1348 2817 1376 2862 et
1397 2809 1504 2880 lrigido,
1528 2811 1614 2865 onmia

327 2892 396 2947 mole
424 2893 601 2953 coliaerentin,
631 2892 706 2964 qumi
736 2909 768 2945 ex
796 2909 874 2946 orcum
901 2893 961 2964 ipris
989 2901 1077 2946 ncetot
1107 2891 1269 2947 lummdnm:
1300 2892 1358 2947 lieno
1385 2892 1462 2965 signu
1492 2902 1556 2949 sunt
1581 2893 1644 2964 (sies

258 2988 316 3037 §.tu
329 2977 448 3049 ignoras)
467 2985 494 3031 et
515 2984 587 3031 riute».
610 2976 690 3030 auiiui
714 2976 763 3030 silii
788 2976 856 3030 ritule
879 2977 1045 3031 ciliiscientii.
1092 2975 1146 3031 lloe
1168 2975 1256 3031 solum
1277 2993 1345 3049 ergo
1361 2976 1407 3032 diu
1426 2977 1541 3034 dicendo
1560 2977 1614 3034 elli·

327 3062 379 3120 cis.
409 3071 439 3116 ut
464 3060 580 3117 lectores
606 3060 663 3114 suni
695 3068 719 3114 te
735 3057 807 3114 'niliil
831 3060 929 3115 dixisse
949 3060 1102 3132 intelligent
1122 3069 1148 3114 et
1171 3062 1343 3133 suspicentur
1362 3078 1394 3115 ex
1417 3062 1477 3134 ipsu
1503 3070 1551 3117 tuo
1571 3081 1614 3135 pe·

327 3162 404 3206 vore,
426 3146 497 3217 quod
522 3146 621 3200 ventris
646 3153 673 3198 ot
695 3144 816 3216 pecnuim
841 3146 931 3199 studio
953 3164 986 3199 oo
1009 3145 1114 3199 servilis
1134 3146 1297 3216 grinionismi
1323 3153 1348 3200 te
1368 3146 1457 3217 ipsum
1475 3146 1612 3202 uliicceris.

258 3238 316 3288 §.tt
327 3228 403 3294 Quod
426 3229 447 3282 si
471 3246 562 3283 verum
585 3237 642 3288 est.
666 3227 746 3283 doleo
768 3229 849 3283 vicem
873 3238 945 3283 tumn
964 3246 994 3282 ex
1019 3230 1122 3290 ιιιιιιιιυ,
1145 3236 1173 3283 ct
1192 3230 1302 3284 miseret
1325 3247 1366 3284 me
1382 3230 1471 3291 llruti,
1496 3237 1522 3285 te
1545 3231 1614 3286 scili·

324 3321 367 3367 cet
387 3312 433 3367 tuli
455 3320 535 3368 estete
558 3320 585 3367 et
608 3313 706 3367 canitie
729 3314 766 3370 sie
786 3322 960 3368 iniirtemnere
983 3312 1027 3367 illo
1050 3314 1151 3372 ιιιιιιΙιιι,
1176 3331 1236 3386 qun»
1260 3331 1367 3387 semper
1389 3315 1503 3374 ιιιιιιεῑι,
1528 3323 1554 3370 te
1575 3315 1642 3371 sicu

325 3396 391 3451 uiliil
414 3395 615 3452 dissinmlnnter
637 3404 811 3452 couteumme
835 3397 975 3469 pietatem.
1007 3405 1032 3452 te
1053 3398 1091 3453 sie
1113 3396 1194 3452 sciriol
1224 3398 1351 3452 ell'udisse
1381 3398 1470 3452 omma
1499 3400 1613 3455 remedie

324 3481 433 3536 sanandi
458 3481 597 3555 tuiipsius:
621 3482 666 3535 sed
692 3482 791 3536 armeus
811 3482 896 3536 :ulline
915 3482 999 3536 amice
1019 3481 1066 3535 lilii
1090 3482 1156 3536 liene
1175 3499 1286 3554 precor,
1310 3490 1340 3535 nt
1359 3483 1391 3536 ud
1415 3491 1441 3537 te
1463 3483 1564 3544 redeas,
1587 3490 1613 3538 et

325 3575 419 3620 contro
441 3565 632 3621 eurrscieutimn
656 3575 728 3620 trium
749 3566 855 3620 desinas
879 3566 1032 3639 pnpistmiu.

256 3652 314 3704 §.ts
410 3650 467 3703 ll'ou
490 3650 549 3705 ideo
571 3650 725 3722 displiceliis
744 3650 973 3705 lteieremlissimo
996 3650 1141 3711 tlnnlinnli,
1164 3650 1185 3703 si
1208 3650 1321 3705 emulido
1344 3659 1371 3705 et
1391 3658 1487 3723 operto
1503 3660 1613 3725 pectore

325 3734 464 3788 veritatem
486 3734 625 3795 ilucneris,
658 3737 679 3787 si
709 3734 793 3789 lilrere
816 3743 842 3789 ot
868 3736 982 3806 ingenue
1005 3734 1154 3808 Principem
1179 3735 1407 3807 sapientissimum
1431 3744 1458 3790 et
1480 3737 1547 3790 riam
1571 3754 1641 3796 sess

323 3818 412 3872 ritulis
432 3826 595 3890 queurcutem
617 3819 649 3872 de
666 3819 707 3872 lus
723 3819 861 3874 monueris
877 3835 992 3891 siucero
1011 3820 1114 3877 auimo.
1133 3838 1192 3891 ipim
1209 3837 1270 3876 rere
1287 3820 1421 3893 Episcopo
1437 3820 1519 3891 digno
1535 3828 1610 3876 suut:

390 3997 528 4047 'luceres
549 4003 603 4047 1.2.
662 3998 751 4063 (irrisil
772 4000 814 4048 (ll.
829 4000 945 4048 lmtlreri
965 4001 1039 4063 prael.
1055 4001 1090 4049 nd
1102 3999 1192 4048 Aleuii
1210 4002 1337 4050 Crosnori
1357 4015 1464 4050 sermm.
1485 4006 1522 4062 (a.
1539 3999 1609 4051 1531.

324 4081 364 4131 ed.
381 4082 454 4131 llull.
469 4083 589 4131 Wulclrii
604 4088 667 4131 lom.
683 4085 753 4131 Xll'.
769 4101 792 4147 p.
807 4084 878 4136 ⁴287.)
899 4084 955 4144 „tro
968 4085 1032 4131 ulier·
1044 4086 1153 4145 jemand
1162 4084 1216 4132 sled
1229 4085 1390 4133 liberdrd'uen
1402 4086 1476 4134 lieese
1496 4088 1549 4134 und
1563 4089 1609 4135 sei·

322 4183 376 4214 nem
400 4167 571 4230 l'eiifelsdopf,
592 4170 616 4215 d.
632 4170 647 4216 ι’.
660 4169 745 4215 scinci·
769 4170 895 4216 rosemlcn
915 4168 1044 4230 (ldripdci'l
1069 4186 1096 4215 :n
1121 4170 1214 4216 tt’i'tton
1237 4170 1336 4226 indrede,
1361 4170 1409 4216 der
1431 4170 1491 4217 sede
1514 4186 1545 4217 zu
1562 4170 1612 4218 und

320 4252 380 4299 trite
398 4252 451 4299 sicli
469 4253 583 4300 ‹leniirwli
601 4269 645 4300 mm
663 4256 710 4299 der
725 4253 839 4313 folsrdeu
861 4253 927 4300 llcue
946 4255 998 4300 und
1010 4253 1093 4300 anse
1109 4254 1152 4299 llr.
1169 4253 1297 4300 tuamen.
1337 4253 1407 4300 Demi
1425 4255 1467 4302 die
1486 4257 1537 4303 mitt
1555 4254 1610 4304 Gon

321 4336 387 4383 nirlrt
405 4336 511 4383 derbem*
551 4337 589 4383 lto
608 4337 709 4383 misera
729 4337 808 4384 liuius
822 4325 987 4398 αὐτόχειρος
1001 4336 1090 4384 Crusii
1105 4335 1232 4397 (lirense)
1247 4342 1331 4384 morte
1346 4337 1384 4385 cl.
1398 4338 1483 4386 etiam
1497 4337 1610 4386 Lutheri

322 4436 383 4483 epp.
400 4436 432 4466 ex
452 4420 493 4466 ed.
508 4420 541 4467 de
554 4421 648 4467 ll'otte
669 4421 717 4468 lll.
738 4419 969 4468 n.tt·.>t.tt75.1v.
990 4435 1015 4467 u.
1034 4418 1105 4467 lttttt.
1131 4420 1334 4468 sioloiiilorffii
1352 4420 1417 4468 hist.
1432 4420 1547 4469 Luther.
1561 4421 1609 4470 Ill.

320 4502 563 4563 seet.3.§.l'l,'.'.
637 4504 656 4534 ¹¹¹
674 4505 774 4566 stylum
793 4508 817 4552 2.
828 4508 852 4553 3.
923 4503 945 4534 ‘²⁰
964 4504 1024 4552 lloe
1044 4504 1101 4551 lere
1126 4504 1246 4552 iusserat
1264 4504 1383 4552 lllenium
1407 4503 1555 4553 Inrtherus.
1575 4505 1609 4553 cl.

320 4604 402 4652 supro
420 4587 509 4651 plui
528 4604 554 4636 v.
574 4588 615 4636 :itt
670 4586 759 4651 ιμιιιιιι]
781 4605 858 4653 (prtem
873 4591 930 4646 122.
984 4584 1290 4649 ²²c11iiirletio1112.3.
1342 4586 1365 4618 ²³
1383 4588 1562 4638 l‘roverbium
1582 4578 1609 4647 ἕξ

319 4663 415 4737 ἅμμου
434 4671 561 4735 σχοινίον
580 4666 704 4729 πλέκεις,
729 4664 775 4721 iol
794 4671 849 4720 τῶν
867 4662 1027 4722 adrandum.
1049 4669 1098 4734 {Ex
1118 4687 1204 4719 orono
1223 4671 1373 4720 luirieulnm
1393 4672 1496 4720 nectis:
1520 4672 1554 4719 de
1573 4674 1609 4719 in-

320 4756 518 4822 possibilibus]
539 4757 652 4820 llrogor.
668 4757 748 4820 (flypr.
765 4758 814 4804 Ill.
829 4756 869 4805 td.
928 4756 949 4786 ²⁶
969 4753 1376 4817 eonscientij.1.eonseil.2.3.
1441 4753 1465 4785 ³⁰
1484 4754 1535 4803 tali
1554 4752 1607 4819 eet]

320 4842 419 4890 Crotus
440 4849 494 4888 tum
509 4842 746 4905 quirnpmgeuario
760 4840 852 4905 pumlo
867 4841 953 4888 ιιιιιίοι
968 4840 1029 4887 suit.
1066 4838 1088 4868 ³³
1100 4837 1177 4905 pop]
1198 4839 1303 4888 (limeis
1316 4839 1419 4888 litteris
1432 4838 1608 4899 παπιστίζειν

319 4926 493 4975 scribendum
519 4933 566 4975 arnt
587 4930 724 4990 popissmc
744 4927 801 4973 sive
819 4927 977 4989 papistizme
997 4926 1141 4974 dieemlnm
1162 4929 1231 4973 erat.
1284 4922 1306 4954 ³⁶
1325 4923 1491 4987 illiciendum
1511 4925 1536 4970 1.
1555 4922 1607 4971 ein·

320 5028 383 5062 cero
397 5013 457 5059 2.3.
