3934 6034
441 715 637 764 (ftnxxxnl.
659 728 775 764 srosms
789 729 891 763 nussim
904 728 1046 763 sossnsss
1059 726 1230 762 nsesuossns
1245 726 1375 761 urruns.
1477 695 1550 767 273

270 888 416 961 ueritatis,
437 904 474 944 eo
497 886 580 944 (lecet
602 887 798 951 Germanum·
830 900 888 942 uon
907 886 1022 957 patirur
1040 884 1183 956 abropari
1199 884 1255 942 sibi
1274 884 1393 942 loutlem
1410 883 1550 942 lnrrnani-

269 991 351 1057 tutis,
374 1005 411 1045 eo
434 990 516 1046 tieret
534 990 680 1045 literatum
688 1007 700 1053 ,·
732 993 821 1057 uepot
841 988 983 1043 sustinere
1005 1003 1035 1043 se
1058 994 1089 1044 ut
1109 1004 1128 1043 n
1151 1002 1294 1059 qrtopuam
1316 988 1469 1057 irtstipetur
1489 988 1549 1044 otl-

269 1106 370 1148 rersns
396 1093 536 1159 (roricum,
567 1090 648 1147 tieret
676 1088 730 1146 bac
753 1087 861 1159 sortem
890 1104 926 1146 uc
947 1088 1125 1160 prudentem
1146 1090 1283 1164 equitem,
1307 1104 1361 1146 nec
1377 1096 1448 1161 puto
1467 1089 1548 1145 illam

267 1193 408 1263 ipnorarc
430 1208 518 1264 quom
541 1192 615 1248 nibil
641 1193 678 1248 sit
704 1190 889 1248 tribuentium
910 1192 1020 1262 linquis
1041 1189 1245 1261 tetatrtetbus,
1274 1207 1331 1263 per
1354 1207 1428 1263 otras
1449 1205 1548 1263 stepe-

246 1308 390 1351 snurnero
413 1301 471 1351 tota
491 1296 578 1351 etiarn
598 1309 691 1364 repno
712 1292 936 1359 subvertuntur,·
966 1308 1020 1349 nee
1038 1289 1121 1364 [repit
1141 1309 1205 1350 eum
1228 1309 1315 1365 quam
1338 1309 1419 1365 oepre
1439 1295 1477 1351 sit
1495 1309 1548 1349 re-

267 1397 470 1454 nunciandum
500 1397 652 1465 amir-itin,
679 1397 846 1467 prasertim
876 1409 943 1466 qua
971 1395 1088 1451 minime
1116 1393 1344 1467 istumistun·
1379 1409 1466 1466 pirum
1488 1410 1545 1451 non

267 1505 373 1556 temere
394 1497 542 1570 capientia
560 1499 597 1553 sit
617 1497 760 1554 uelrersus
776 1497 931 1570 probamen
951 1500 1078 1553 tritticum
1097 1499 1234 1570 suspicio.
1268 1503 1413 1570 postremo
1427 1497 1614 1568 orrarttloins.

266 1615 378 1657 morum
401 1616 514 1673 atraque
535 1600 654 1656 intudem
675 1599 732 1657 sibi
751 1598 894 1667 uindicat,
920 1614 977 1654 non
1000 1605 1097 1670 potest
1120 1600 1201 1655 illurn
1227 1598 1337 1670 supere
1363 1598 1437 1671 quid
1460 1615 1547 1656 reue-

266 1704 369 1759 rentite
392 1701 495 1759 tlcbeat
522 1703 632 1759 iuuentis
652 1702 729 1771 seni,
751 1716 841 1770 carra,
864 1701 972 1769 amico,
996 1699 1167 1757 bertemerito
1188 1706 1216 1757 et
1237 1699 1445 1757 bencrmrenti:
1476 1700 1549 1772 auid

233 1807 343 1860 soenim
366 1820 445 1862 nnnc
465 1804 551 1862 alind
574 1819 630 1875 apo
651 1818 739 1875 aarum
760 1801 886 1860 assiduis
909 1803 979 1858 ateis
1000 1800 1149 1859 laboribus
1170 1818 1232 1860 rem
1253 1804 1451 1874 enaupelicam
1469 1818 1546 1875 pro-

265 1902 383 1964 moreo?
414 1907 507 1963 Atros
528 1908 620 1976 ipitur
637 1906 784 1977 tlnpitiam
808 1904 1006 1962 intercesserit
1024 1909 1148 1976 oportet,
1176 1904 1256 1975 oursel
1274 1907 1448 1977 compulerit
1466 1904 1545 1962 llut-

265 2013 361 2065 teuum
387 2008 576 2065 bumanitotis
604 2008 758 2064 antistitem
786 2006 899 2064 uiolatis
927 2006 1058 2062 omnibus
1081 2005 1253 2063 Gratiarum
1273 2006 1398 2079 lepibus,
1428 2007 1544 2065 oblitum

264 2112 357 2166 omnis
384 2125 457 2167 rneoe
483 2109 678 2179 berreficentiee
700 2109 853 2181 pristinae,
879 2114 980 2181 spreta
1009 2109 1172 2165 reuerentia
1197 2125 1264 2180 puoe
1291 2108 1450 2167 debebatur
1477 2109 1546 2167 buin

263 2212 402 2278 caniciei,
425 2227 512 2283 quam
535 2214 630 2284 ipsum
650 2226 761 2282 mapna
776 2226 815 2267 en
830 2216 918 2282 parte
934 2209 1022 2268 debeo
1040 2209 1190 2267 laboribus
1211 2210 1315 2283 quibus
1333 2211 1462 2285 publicio
1484 2212 1544 2268 nti-

232 2315 343 2370 atttan‘
359 2316 498 2383 inservio,
521 2316 604 2372 nulla
625 2314 780 2386 praemissa
800 2313 1047 2384 expostulatione,
1070 2327 1137 2384 aute
1152 2314 1222 2383 lieri
1236 2314 1308 2370 solet
1321 2315 1398 2371 inter
1409 2314 1545 2387 publicos

263 2415 357 2473 bostes
380 2418 469 2488 prius
494 2431 582 2488 quarn
608 2418 694 2487 sipon
718 2416 941 2483 committebam,
967 2414 1073 2473 tibrum
1101 2416 1131 2471 in
1155 2413 1311 2471 Erasmum
1333 2417 1476 2487 sulpura,
1503 2423 1543 2474 tat

262 2519 438 2588 rrrerutaciis,
468 2525 507 2577 tot
527 2520 676 2588 conuiciis,
703 2523 742 2576 tot
762 2518 965 2574 amariueutiis
987 2516 1117 2588 undique
1136 2512 1315 2574 scatentem?
1347 2516 1410 2576 Non
1431 2518 1614 2589 obroposno.

262 2621 320 2692 ipsi
339 2621 457 2678 laudern
480 2622 621 2685 ueritatis,
644 2619 698 2677 seu
717 2619 772 2677 boo
793 2619 906 2677 indicat
929 2620 995 2691 ipsa
1013 2634 1075 2688 res,
1097 2619 1156 2686 illi,
1178 2634 1266 2691 quum
1284 2619 1350 2677 boec
1371 2620 1540 2690 adcuraret,

261 2729 459 2794 suppostorium
487 2723 636 2794 suissuia
661 2722 781 2780 consilio
807 2723 892 2793 lonae
916 2722 1046 2778 omniurn
1072 2722 1271 2777 vanissimum.
1318 2721 1460 2780 Craterum
1483 2725 1541 2780 iam

228 2824 421 2883 monebamus
442 2825 593 2884 borrentlo
612 2826 753 2893 crimino,
773 2822 876 2894 onibus
894 2822 995 2880 dilutis
1015 2824 1128 2880 ueniam
1151 2822 1193 2880 od
1212 2823 1290 2881 illud
1308 2825 1435 2881 omnium
1457 2833 1542 2883 atro-

263 2928 425 2997 cissimum,
447 2930 474 2986 si
494 2942 593 2985 uerum
610 2933 698 2996 esset,
726 2925 806 2998 quati
824 2939 877 2997 epo
896 2926 982 2997 prius
1003 2930 1084 2981 sture
1103 2925 1204 2983 solitus
1225 2940 1244 2982 u
1262 2932 1352 3000 parte
1371 2929 1541 2999 euanpetica

262 3045 341 3086 nunc
368 3030 459 3088 subito
486 3035 613 3087 mutatus
641 3029 671 3085 in
700 3027 846 3084 aurosum
873 3026 1039 3098 appretior
1065 3032 1152 3084 totum
1179 3030 1361 3099 euanpelium
1386 3046 1447 3087 una
1474 3045 1540 3087 cnm

263 3130 377 3189 Cbristo
397 3131 577 3201 subuertere,
600 3145 665 3188 cum
686 3129 735 3186 bic
755 3130 817 3202 ipse
831 3127 953 3186 Hutteni
971 3127 1085 3186 libellus
1107 3126 1265 3199 offenderit
1285 3146 1330 3189 rne
1349 3138 1404 3189 toto
1421 3138 1541 3205 pectore

259 3233 414 3290 sudantem
439 3236 469 3292 in
491 3232 682 3308 prauebentlo
709 3232 827 3302 nepoeio
853 3231 1036 3302 eaanpetico,
1061 3246 1116 3288 nec
1142 3230 1180 3289 ab
1207 3231 1261 3290 boc
1281 3233 1377 3292 stutlio
1397 3236 1539 3306 conquie-

225 3337 350 3392 miratu
374 3352 502 3409 unquam
524 3338 553 3393 in
576 3337 664 3393 torulis
684 3348 784 3391 rerum
805 3332 970 3390 tumultibus
989 3347 1027 3390 oa
1043 3332 1268 3391 discriminibus.
1303 3334 1435 3393 Primum
1450 3337 1611 3407 tpttarsm.

258 3439 370 3495 erinten
394 3439 471 3495 illud
490 3446 547 3497 est:
580 3437 663 3496 Inter
683 3437 820 3509 epistolas
842 3450 922 3491 rneas
943 3440 1026 3491 ector
1052 3435 1190 3507 auoedom
1213 3436 1255 3493 ad
1274 3436 1414 3496 Iacobum
1435 3437 1539 3496 Hocb-

258 3547 397 3611 strotum‚
420 3543 503 3598 enisis
525 3541 638 3598 initium
657 3546 699 3596 est
721 3538 862 3596 ‘Antebuc
885 3538 994 3609 lepenti
1012 3534 1108 3607 rnibi',
1133 3554 1220 3611 auum
1241 3540 1269 3596 si
1286 3541 1336 3597 cui
1357 3540 1472 3598 uocabit
1492 3541 1539 3597 t-

255 3659 341 3714 pere‚
367 3646 503 3717 protinus
530 3644 670 3714 inteilipet
694 3658 781 3715 qinom
806 3642 844 3698 sit
869 3640 1024 3713 impudens
1043 3642 1194 3698 calumnia
1215 3643 1295 3714 quoti
1314 3641 1439 3700 intendit
1460 3642 1538 3700 llut-

259 3750 360 3801 teuus:
388 3750 542 3818 expostulo
561 3747 637 3803 enim
661 3745 721 3802 illic
742 3758 808 3801 cum
823 3740 1016 3811 Hocbstrato,
1037 3741 1116 3814 qnod
1136 3744 1349 3802 nmnrnlerrtins
1371 3760 1458 3818 quam
1482 3745 1538 3802 tle-

224 3854 327 3903 soeeat
349 3847 511 3919 tbeoiopum
539 3849 731 3905 insectaretur
754 3845 945 3918 Copnionem,
975 3844 1056 3917 qnod
1080 3846 1340 3918 incomparabilem
1366 3848 1459 3904 uirum
1483 3864 1538 3905 co-

257 3951 354 4007 mitem
375 3965 395 4005 a
418 3965 492 4008 noua
511 3950 617 4023 Aquita
640 3950 700 4006 suis
717 3949 835 4020 scriptis
856 3947 924 4005 ollio
945 3948 1183 4020 perstrinxisset,
1210 3949 1289 4020 quod
1308 3963 1354 4006 mc
1373 3965 1486 4022 auoque
1507 3952 1536 4006 in

256 4051 332 4107 libro
353 4067 436 4123 ouem
459 4053 603 4109 ertioersas
624 4051 801 4124 Capnr'onern
824 4050 942 4122 scripsit
963 4048 1001 4106 tle
1021 4048 1146 4121 Cabala,
1166 4056 1279 4124 preater
1299 4053 1480 4111 occasionem
1500 4068 1537 4108 ac

256 4155 390 4211 meritum
412 4156 561 4227 attipisset.
602 4154 644 4211 atl
664 4153 697 4210 iel
716 4151 795 4224 quoti
813 4157 872 4209 tum
894 4152 1092 4222 institueram,
1112 4158 1183 4226 puto
1205 4152 1280 4212 nibil
1296 4162 1533 4226 urpumentorum

255 4272 318 4313 esse
337 4259 576 4328 pretermissum.
611 4255 672 4313 Sul
691 4253 815 4324 offendit
830 4252 988 4311 Huttenum
1010 4253 1089 4326 quod
1109 4256 1190 4312 illum
1213 4258 1357 4329 appellem
1380 4255 1602 4319 Revereri-§.m

221 4358 328 4413 sottum
356 4364 486 4431 putrent,
520 4360 607 4432 quasi
634 4372 701 4416 vero
731 4372 788 4413 non
813 4358 843 4413 in
870 4356 973 4413 mediis
993 4358 1081 4413 etiam
1107 4356 1292 4429 beltisrepes
1313 4358 1455 4417 bortorent
1474 4377 1536 4417 seso

255 4461 422 4518 soteraribns
442 4463 540 4519 titulis.
582 4467 662 4519 certe
682 4461 781 4517 mittas
809 4473 857 4515 arn
876 4456 941 4530 suit
960 4459 1138 4531 suspiriosus
1157 4465 1269 4532 praeter
1286 4459 1461 4533 Huttenum,
1484 4464 1537 4534 arri

254 4578 300 4620 me
322 4562 469 4621 indicaret
489 4563 631 4620 eiusmodi
646 4564 736 4620 titulis
757 4561 911 4618 adulatum
929 4559 1121 4629 Hoclistrnto;
1151 4571 1238 4619 erant
1258 4565 1311 4635 qui
1330 4565 1411 4621 ilium
1432 4567 1533 4638 suspi-

254 4670 396 4722 carentur
415 4667 545 4723 irrisum.
589 4665 644 4723 sed
660 4663 785 4736 offerruit
801 4664 892 4731 serio,
912 4662 991 4735 quod
1011 4666 1041 4720 in
1061 4664 1165 4721 eadem
1181 4667 1410 4737 perstrinxerim
1429 4668 1531 4740 ipsum,
1542 4679 1600 4729 §.ss

254 4768 334 4839 orroei
359 4783 452 4839 opens
479 4767 516 4824 ele
541 4768 669 4840 epistolis
695 4782 770 4839 quos
793 4766 940 4839 Cnpnion,
962 4764 1125 4836 Biaclrius,
1149 4767 1247 4825 Comes
1276 4785 1296 4825 o
1322 4784 1398 4826 nonu
1426 4770 1533 4842 Aquila

312 4903 454 4910 ...--.-

322 4970 342 4999 ¹³
362 4970 536 5018 beniicentiae
557 4974 580 5018 t.
631 4968 650 5000 ²⁴
670 4954 799 5035 caniciei]
820 4970 879 5019 eius
898 4970 942 5034 qui
962 4983 1047 5018 annos
1065 4959 1126 5019 m
1146 4975 1201 5020 inm
1220 4971 1350 5021 habebat.
1398 4969 1420 5003 ²⁸
1439 4970 1531 5038 episi]

254 5055 290 5105 cs.
312 5055 423 5118 Expost.
437 5056 460 5112 ξ.
475 5054 515 5102 bs.
559 5052 589 5134 '¹³
607 5054 699 5104 nulla?
717 5055 759 5104 Cf.
774 5072 798 5121 p.
812 5053 870 5105 ⁸270.
885 5055 919 5104 ad
932 5071 957 5105 v.
970 5053 1011 5104 35.

316 5158 444 5208 Hvsrssi
464 5160 530 5206 Ore.
550 5172 612 5207 vos..
626 5157 662 5207 11.
1278 5140 1316 5203 18
