<?xml version="1.0" encoding="UTF-8"?>
<!DOCTYPE html PUBLIC "-//W3C//DTD XHTML 1.0 Transitional//EN"
    "http://www.w3.org/TR/xhtml1/DTD/xhtml1-transitional.dtd">
<html xmlns="http://www.w3.org/1999/xhtml" xml:lang="en" lang="en">
 <head>
  <title>
</title>
<meta http-equiv="Content-Type" content="text/html;charset=utf-8" />
  <meta name='ocr-system' content='tesseract 3.04.00' />
  <meta name='ocr-capabilities' content='ocr_page ocr_carea ocr_par ocr_line ocrx_word'/>
</head>
<body>
  <div class='ocr_page' id='page_1' title='image "./ulrichihuttenie11huttgoog_0523.png"; bbox 0 0 3934 6034; ppageno 0'>
   <div class='ocr_carea' id='block_1_1' title="bbox 362 700 1647 778">
    <p class='ocr_par' dir='ltr' id='par_1_1' title="bbox 362 700 1647 778">
     <span class='ocr_line' id='line_1_1' title="bbox 362 700 1647 778; baseline 0.002 -18"><span class='ocrx_word' id='word_1_1' title='bbox 362 710 528 761; x_wconf 77' lang='lat' dir='ltr'>cccxciv.</span> <span class='ocrx_word' id='word_1_2' title='bbox 551 709 636 777; x_wconf 85' lang='lat' dir='ltr'>[rvsrr</span> <span class='ocrx_word' id='word_1_3' title='bbox 652 711 744 778; x_wconf 81' lang='lat' dir='ltr'>naun]</span> <span class='ocrx_word' id='word_1_4' title='bbox 764 728 1142 763; x_wconf 78' lang='lat' dir='ltr'>anaeonouranroa.cuor1</span> <span class='ocrx_word' id='word_1_5' title='bbox 1158 728 1280 763; x_wconf 75' lang='lat' dir='ltr'>avaram</span> <span class='ocrx_word' id='word_1_6' title='bbox 1295 727 1456 764; x_wconf 81' lang='lat' dir='ltr'>aaseossro.</span> <span class='ocrx_word' id='word_1_7' title='bbox 1477 722 1536 763; x_wconf 73' lang='lat' dir='ltr'>aaut.</span> <span class='ocrx_word' id='word_1_8' title='bbox 1573 700 1647 771; x_wconf 83' lang='grc'>463</span> 
     </span>
    </p>
   </div>
   <div class='ocr_carea' id='block_1_2' title="bbox 274 883 1716 3483">
    <p class='ocr_par' dir='ltr' id='par_1_2' title="bbox 274 883 1716 3483">
     <span class='ocr_line' id='line_1_2' title="bbox 357 883 1647 960; baseline 0.002 -20"><span class='ocrx_word' id='word_1_9' title='bbox 357 883 486 940; x_wconf 88' lang='lat' dir='ltr'>chinnos:</span> <span class='ocrx_word' id='word_1_10' title='bbox 510 887 583 940; x_wconf 89' lang='lat' dir='ltr'>nosti</span> <span class='ocrx_word' id='word_1_11' title='bbox 606 888 677 941; x_wconf 88' lang='lat' dir='ltr'>enim</span> <span class='ocrx_word' id='word_1_12' title='bbox 701 887 784 942; x_wconf 90' lang='lat' dir='ltr'>risum</span> <span class='ocrx_word' id='word_1_13' title='bbox 809 886 860 941; x_wconf 83' lang='lat' dir='ltr'>viru</span> <span class='ocrx_word' id='word_1_14' title='bbox 884 885 982 940; x_wconf 85' lang='lat' dir='ltr'>habere</span> <span class='ocrx_word' id='word_1_15' title='bbox 1006 885 1268 959; x_wconf 83' lang='lat' dir='ltr'>imperiosissimam,</span> <span class='ocrx_word' id='word_1_16' title='bbox 1296 886 1342 960; x_wconf 90' lang='lat' dir='ltr'>qni</span> <span class='ocrx_word' id='word_1_17' title='bbox 1365 887 1483 959; x_wconf 87' lang='lat' dir='ltr'>erumpit</span> <span class='ocrx_word' id='word_1_18' title='bbox 1505 904 1593 960; x_wconf 78' lang='lat' dir='ltr'>saepe,</span> <span class='ocrx_word' id='word_1_19' title='bbox 1617 895 1647 942; x_wconf 93' lang='lat' dir='ltr'>ut</span> 
     </span>
     <span class='ocr_line' id='line_1_3' title="bbox 274 967 1649 1043; baseline 0.005 -21"><span class='ocrx_word' id='word_1_20' title='bbox 274 1002 278 1015; x_wconf 58' lang='grc' dir='ltr'>ι</span> <span class='ocrx_word' id='word_1_21' title='bbox 358 967 402 1022; x_wconf 90' lang='lat' dir='ltr'>ille</span> <span class='ocrx_word' id='word_1_22' title='bbox 423 970 474 1032; x_wconf 89' lang='lat' dir='ltr'>ait,</span> <span class='ocrx_word' id='word_1_23' title='bbox 498 970 678 1025; x_wconf 76' lang='lat' dir='ltr'>invitissimis:</span> <span class='ocrx_word' id='word_1_24' title='bbox 697 971 768 1033; x_wconf 88' lang='lat' dir='ltr'>vide,</span> <span class='ocrx_word' id='word_1_25' title='bbox 787 978 815 1025; x_wconf 93' lang='lat' dir='ltr'>nt</span> <span class='ocrx_word' id='word_1_26' title='bbox 830 970 919 1025; x_wconf 85' lang='lat' dir='ltr'>celare</span> <span class='ocrx_word' id='word_1_27' title='bbox 939 970 1005 1024; x_wconf 90' lang='lat' dir='ltr'>satis</span> <span class='ocrx_word' id='word_1_28' title='bbox 1027 987 1057 1024; x_wconf 88' lang='lat' dir='ltr'>ac</span> <span class='ocrx_word' id='word_1_29' title='bbox 1079 977 1171 1041; x_wconf 83' lang='lat' dir='ltr'>tegere</span> <span class='ocrx_word' id='word_1_30' title='bbox 1185 969 1296 1025; x_wconf 82' lang='lat' dir='ltr'>Crotum</span> <span class='ocrx_word' id='word_1_31' title='bbox 1316 970 1391 1024; x_wconf 88' lang='lat' dir='ltr'>illurn</span> <span class='ocrx_word' id='word_1_32' title='bbox 1416 979 1532 1024; x_wconf 85' lang='lat' dir='ltr'>veterem</span> <span class='ocrx_word' id='word_1_33' title='bbox 1548 972 1649 1043; x_wconf 87' lang='lat' dir='ltr'>possis.</span> 
     </span>
     <span class='ocr_line' id='line_1_4' title="bbox 358 1052 1456 1127; baseline 0 -21"><span class='ocrx_word' id='word_1_34' title='bbox 358 1053 404 1125; x_wconf 92' lang='lat' dir='ltr'>qni</span> <span class='ocrx_word' id='word_1_35' title='bbox 428 1053 516 1109; x_wconf 91' lang='lat' dir='ltr'>minus</span> <span class='ocrx_word' id='word_1_36' title='bbox 539 1064 645 1109; x_wconf 87' lang='lat' dir='ltr'>mutare</span> <span class='ocrx_word' id='word_1_37' title='bbox 668 1063 791 1110; x_wconf 87' lang='lat' dir='ltr'>naturam</span> <span class='ocrx_word' id='word_1_38' title='bbox 816 1055 944 1109; x_wconf 80' lang='lat' dir='ltr'>ironicam</span> <span class='ocrx_word' id='word_1_39' title='bbox 968 1060 1074 1126; x_wconf 88' lang='lat' dir='ltr'>potest,</span> <span class='ocrx_word' id='word_1_40' title='bbox 1098 1071 1179 1125; x_wconf 90' lang='lat' dir='ltr'>quam</span> <span class='ocrx_word' id='word_1_41' title='bbox 1202 1053 1333 1125; x_wconf 79' lang='lat' dir='ltr'>Aethiops</span> <span class='ocrx_word' id='word_1_42' title='bbox 1350 1052 1456 1127; x_wconf 88' lang='lat' dir='ltr'>pellem.</span> 
     </span>
     <span class='ocr_line' id='line_1_5' title="bbox 443 1137 1716 1210; baseline 0.002 -19"><span class='ocrx_word' id='word_1_43' title='bbox 443 1137 494 1192; x_wconf 90' lang='lat' dir='ltr'>Scd</span> <span class='ocrx_word' id='word_1_44' title='bbox 518 1139 595 1210; x_wconf 88' lang='lat' dir='ltr'>quid,</span> <span class='ocrx_word' id='word_1_45' title='bbox 620 1140 714 1199; x_wconf 82' lang='lat' dir='ltr'>Croto,</span> <span class='ocrx_word' id='word_1_46' title='bbox 737 1140 777 1193; x_wconf 88' lang='lat' dir='ltr'>vir</span> <span class='ocrx_word' id='word_1_47' title='bbox 799 1137 967 1199; x_wconf 76' lang='lat' dir='ltr'>suavissime,</span> <span class='ocrx_word' id='word_1_48' title='bbox 992 1138 1071 1210; x_wconf 91' lang='lat' dir='ltr'>qnid,</span> <span class='ocrx_word' id='word_1_49' title='bbox 1096 1138 1217 1209; x_wconf 86' lang='lat' dir='ltr'>inquam,</span> <span class='ocrx_word' id='word_1_50' title='bbox 1238 1138 1259 1191; x_wconf 92' lang='lat' dir='ltr'>si</span> <span class='ocrx_word' id='word_1_51' title='bbox 1279 1138 1450 1191; x_wconf 85' lang='lat' dir='ltr'>revivisceret</span> <span class='ocrx_word' id='word_1_52' title='bbox 1466 1137 1599 1193; x_wconf 84' lang='lat' dir='ltr'>lluttenus</span> <span class='ocrx_word' id='word_1_53' title='bbox 1619 1144 1716 1194; x_wconf 69' lang='lat' dir='ltr'>eti-³5.</span> 
     </span>
     <span class='ocr_line' id='line_1_6' title="bbox 335 1220 1647 1293; baseline 0.005 -21"><span class='ocrx_word' id='word_1_54' title='bbox 335 1220 463 1276; x_wconf 72' lang='lat' dir='ltr'>asidera</span> <span class='ocrx_word' id='word_1_55' title='bbox 483 1221 610 1283; x_wconf 78' lang='lat' dir='ltr'>Crotum,</span> <span class='ocrx_word' id='word_1_56' title='bbox 633 1223 720 1277; x_wconf 87' lang='lat' dir='ltr'>virum</span> <span class='ocrx_word' id='word_1_57' title='bbox 743 1221 817 1278; x_wconf 91' lang='lat' dir='ltr'>illum</span> <span class='ocrx_word' id='word_1_58' title='bbox 842 1221 905 1277; x_wconf 92' lang='lat' dir='ltr'>olim</span> <span class='ocrx_word' id='word_1_59' title='bbox 927 1221 1033 1293; x_wconf 82' lang='lat' dir='ltr'>prolixe</span> <span class='ocrx_word' id='word_1_60' title='bbox 1054 1220 1251 1281; x_wconf 82' lang='lat' dir='ltr'>Lutherammi,</span> <span class='ocrx_word' id='word_1_61' title='bbox 1282 1221 1374 1281; x_wconf 90' lang='lat' dir='ltr'>isthic,</span> <span class='ocrx_word' id='word_1_62' title='bbox 1405 1238 1466 1276; x_wconf 90' lang='lat' dir='ltr'>eum</span> <span class='ocrx_word' id='word_1_63' title='bbox 1485 1239 1560 1276; x_wconf 89' lang='lat' dir='ltr'>sacra</span> <span class='ocrx_word' id='word_1_64' title='bbox 1584 1223 1647 1278; x_wconf 83' lang='lat' dir='ltr'>lacit</span> 
     </span>
     <span class='ocr_line' id='line_1_7' title="bbox 357 1303 1648 1378; baseline 0.004 -20"><span class='ocrx_word' id='word_1_65' title='bbox 357 1303 457 1376; x_wconf 81' lang='lat' dir='ltr'>aliquis</span> <span class='ocrx_word' id='word_1_66' title='bbox 479 1305 677 1361; x_wconf 81' lang='lat' dir='ltr'>Canonicornm</span> <span class='ocrx_word' id='word_1_67' title='bbox 704 1306 744 1361; x_wconf 89' lang='lat' dir='ltr'>vel</span> <span class='ocrx_word' id='word_1_68' title='bbox 767 1307 959 1378; x_wconf 81' lang='lat' dir='ltr'>Sullraganeus</span> <span class='ocrx_word' id='word_1_69' title='bbox 981 1306 1123 1378; x_wconf 85' lang='lat' dir='ltr'>Episcopi,</span> <span class='ocrx_word' id='word_1_70' title='bbox 1154 1306 1367 1378; x_wconf 72' lang='lat' dir='ltr'>reciprocatione</span> <span class='ocrx_word' id='word_1_71' title='bbox 1393 1322 1518 1360; x_wconf 88' lang='lat' dir='ltr'>vnanunm</span> <span class='ocrx_word' id='word_1_72' title='bbox 1548 1306 1648 1362; x_wconf 90' lang='lat' dir='ltr'>iactan-</span> 
     </span>
     <span class='ocr_line' id='line_1_8' title="bbox 359 1389 1646 1463; baseline 0.004 -22"><span class='ocrx_word' id='word_1_73' title='bbox 359 1395 411 1442; x_wconf 91' lang='lat' dir='ltr'>tem</span> <span class='ocrx_word' id='word_1_74' title='bbox 435 1389 603 1444; x_wconf 87' lang='lat' dir='ltr'>thnribulum</span> <span class='ocrx_word' id='word_1_75' title='bbox 625 1398 653 1445; x_wconf 92' lang='lat' dir='ltr'>et</span> <span class='ocrx_word' id='word_1_76' title='bbox 676 1390 738 1445; x_wconf 90' lang='lat' dir='ltr'>illos</span> <span class='ocrx_word' id='word_1_77' title='bbox 762 1391 851 1446; x_wconf 79' lang='lat' dir='ltr'>fumos</span> <span class='ocrx_word' id='word_1_78' title='bbox 873 1398 1061 1463; x_wconf 87' lang='lat' dir='ltr'>spargentem,</span> <span class='ocrx_word' id='word_1_79' title='bbox 1085 1407 1154 1462; x_wconf 90' lang='lat' dir='ltr'>qnos</span> <span class='ocrx_word' id='word_1_80' title='bbox 1177 1389 1241 1444; x_wconf 91' lang='lat' dir='ltr'>olim</span> <span class='ocrx_word' id='word_1_81' title='bbox 1264 1406 1325 1444; x_wconf 89' lang='lat' dir='ltr'>vere</span> <span class='ocrx_word' id='word_1_82' title='bbox 1345 1389 1434 1443; x_wconf 82' lang='lat' dir='ltr'>ivrrrros</span> <span class='ocrx_word' id='word_1_83' title='bbox 1454 1407 1514 1444; x_wconf 90' lang='lat' dir='ltr'>esse</span> <span class='ocrx_word' id='word_1_84' title='bbox 1532 1390 1646 1451; x_wconf 86' lang='lat' dir='ltr'>dicebat,</span> 
     </span>
     <span class='ocr_line' id='line_1_9' title="bbox 358 1473 1647 1547; baseline 0.005 -23"><span class='ocrx_word' id='word_1_85' title='bbox 358 1480 476 1546; x_wconf 88' lang='lat' dir='ltr'>utroque</span> <span class='ocrx_word' id='word_1_86' title='bbox 494 1473 604 1529; x_wconf 92' lang='lat' dir='ltr'>brachio</span> <span class='ocrx_word' id='word_1_87' title='bbox 628 1482 773 1547; x_wconf 86' lang='lat' dir='ltr'>protenso.</span> <span class='ocrx_word' id='word_1_88' title='bbox 796 1474 919 1529; x_wconf 85' lang='lat' dir='ltr'>adductis</span> <span class='ocrx_word' id='word_1_89' title='bbox 943 1473 1113 1547; x_wconf 86' lang='lat' dir='ltr'>superciliis,</span> <span class='ocrx_word' id='word_1_90' title='bbox 1138 1475 1213 1546; x_wconf 88' lang='lat' dir='ltr'>qnasi</span> <span class='ocrx_word' id='word_1_91' title='bbox 1230 1491 1291 1529; x_wconf 87' lang='lat' dir='ltr'>sero</span> <span class='ocrx_word' id='word_1_92' title='bbox 1311 1474 1403 1534; x_wconf 88' lang='lat' dir='ltr'>iaciat,</span> <span class='ocrx_word' id='word_1_93' title='bbox 1425 1481 1560 1529; x_wconf 88' lang='lat' dir='ltr'>tenentem</span> <span class='ocrx_word' id='word_1_94' title='bbox 1577 1476 1647 1530; x_wconf 87' lang='lat' dir='ltr'>inlu·</span> 
     </span>
     <span class='ocr_line' id='line_1_10' title="bbox 357 1554 1646 1631; baseline 0.005 -22"><span class='ocrx_word' id='word_1_95' title='bbox 357 1554 408 1611; x_wconf 88' lang='lat' dir='ltr'>lam</span> <span class='ocrx_word' id='word_1_96' title='bbox 433 1557 611 1630; x_wconf 84' lang='lat' dir='ltr'>sullraganci,</span> <span class='ocrx_word' id='word_1_97' title='bbox 635 1566 663 1612; x_wconf 86' lang='lat' dir='ltr'>et</span> <span class='ocrx_word' id='word_1_98' title='bbox 685 1560 712 1613; x_wconf 93' lang='lat' dir='ltr'>ni</span> <span class='ocrx_word' id='word_1_99' title='bbox 735 1558 816 1614; x_wconf 85' lang='lat' dir='ltr'>lallor</span> <span class='ocrx_word' id='word_1_100' title='bbox 837 1557 936 1613; x_wconf 88' lang='lat' dir='ltr'>calceis</span> <span class='ocrx_word' id='word_1_101' title='bbox 952 1557 1077 1631; x_wconf 81' lang='lat' dir='ltr'>Episcopi</span> <span class='ocrx_word' id='word_1_102' title='bbox 1101 1558 1227 1629; x_wconf 87' lang='lat' dir='ltr'>hgeutcm</span> <span class='ocrx_word' id='word_1_103' title='bbox 1251 1557 1357 1618; x_wconf 88' lang='lat' dir='ltr'>oscula,</span> <span class='ocrx_word' id='word_1_104' title='bbox 1384 1557 1534 1613; x_wconf 79' lang='lat' dir='ltr'>flectentem</span> <span class='ocrx_word' id='word_1_105' title='bbox 1550 1575 1646 1630; x_wconf 86' lang='lat' dir='ltr'>genna.</span> 
     </span>
     <span class='ocr_line' id='line_1_11' title="bbox 325 1640 1647 1715; baseline 0.004 -23"><span class='ocrx_word' id='word_1_106' title='bbox 325 1644 420 1696; x_wconf 84' lang='lat' dir='ltr'>¹⁰cum</span> <span class='ocrx_word' id='word_1_107' title='bbox 436 1640 608 1703; x_wconf 79' lang='lat' dir='ltr'>choralibus,</span> <span class='ocrx_word' id='word_1_108' title='bbox 631 1643 739 1715; x_wconf 89' lang='lat' dir='ltr'>quoties</span> <span class='ocrx_word' id='word_1_109' title='bbox 754 1642 936 1698; x_wconf 73' lang='lat' dir='ltr'>chirothecam</span> <span class='ocrx_word' id='word_1_110' title='bbox 952 1643 1106 1697; x_wconf 87' lang='lat' dir='ltr'>annulatam</span> <span class='ocrx_word' id='word_1_111' title='bbox 1122 1643 1234 1715; x_wconf 88' lang='lat' dir='ltr'>aspicit,</span> <span class='ocrx_word' id='word_1_112' title='bbox 1255 1651 1283 1697; x_wconf 84' lang='lat' dir='ltr'>et</span> <span class='ocrx_word' id='word_1_113' title='bbox 1305 1649 1409 1696; x_wconf 81' lang='lat' dir='ltr'>tantum</span> <span class='ocrx_word' id='word_1_114' title='bbox 1432 1658 1487 1696; x_wconf 91' lang='lat' dir='ltr'>non</span> <span class='ocrx_word' id='word_1_115' title='bbox 1508 1640 1570 1697; x_wconf 88' lang='lat' dir='ltr'>illos</span> <span class='ocrx_word' id='word_1_116' title='bbox 1587 1643 1647 1715; x_wconf 92' lang='lat' dir='ltr'>pnl-</span> 
     </span>
     <span class='ocr_line' id='line_1_12' title="bbox 357 1724 1647 1799; baseline 0.005 -24"><span class='ocrx_word' id='word_1_117' title='bbox 357 1741 433 1780; x_wconf 86' lang='lat' dir='ltr'>veres</span> <span class='ocrx_word' id='word_1_118' title='bbox 453 1724 616 1798; x_wconf 88' lang='lat' dir='ltr'>lingentem,</span> <span class='ocrx_word' id='word_1_119' title='bbox 638 1744 708 1799; x_wconf 91' lang='lat' dir='ltr'>qnos</span> <span class='ocrx_word' id='word_1_120' title='bbox 733 1726 856 1782; x_wconf 79' lang='lat' dir='ltr'>chorales</span> <span class='ocrx_word' id='word_1_121' title='bbox 880 1727 906 1780; x_wconf 94' lang='lat' dir='ltr'>in</span> <span class='ocrx_word' id='word_1_122' title='bbox 922 1726 1047 1799; x_wconf 81' lang='lat' dir='ltr'>l&#39;csperis</span> <span class='ocrx_word' id='word_1_123' title='bbox 1071 1727 1248 1781; x_wconf 88' lang='lat' dir='ltr'>semisomnes</span> <span class='ocrx_word' id='word_1_124' title='bbox 1270 1733 1298 1780; x_wconf 87' lang='lat' dir='ltr'>et</span> <span class='ocrx_word' id='word_1_125' title='bbox 1319 1724 1388 1779; x_wconf 89' lang='lat' dir='ltr'>ebrii</span> <span class='ocrx_word' id='word_1_126' title='bbox 1411 1726 1512 1780; x_wconf 89' lang='lat' dir='ltr'>sanctis</span> <span class='ocrx_word' id='word_1_127' title='bbox 1534 1727 1647 1798; x_wconf 88' lang='lat' dir='ltr'>pedihus</span> 
     </span>
     <span class='ocr_line' id='line_1_13' title="bbox 356 1808 1648 1882; baseline 0.003 -21"><span class='ocrx_word' id='word_1_128' title='bbox 356 1808 480 1864; x_wconf 80' lang='lat' dir='ltr'>calcanti</span> <span class='ocrx_word' id='word_1_129' title='bbox 503 1826 593 1864; x_wconf 87' lang='lat' dir='ltr'>rvonne</span> <span class='ocrx_word' id='word_1_130' title='bbox 614 1810 762 1870; x_wconf 83' lang='lat' dir='ltr'>llutlcnus,</span> <span class='ocrx_word' id='word_1_131' title='bbox 787 1812 867 1866; x_wconf 90' lang='lat' dir='ltr'>homo</span> <span class='ocrx_word' id='word_1_132' title='bbox 883 1819 978 1865; x_wconf 89' lang='lat' dir='ltr'>natura</span> <span class='ocrx_word' id='word_1_133' title='bbox 995 1810 1138 1865; x_wconf 88' lang='lat' dir='ltr'>vehemens</span> <span class='ocrx_word' id='word_1_134' title='bbox 1159 1819 1188 1866; x_wconf 91' lang='lat' dir='ltr'>et</span> <span class='ocrx_word' id='word_1_135' title='bbox 1211 1810 1343 1870; x_wconf 80' lang='lat' dir='ltr'>fervidus,</span> <span class='ocrx_word' id='word_1_136' title='bbox 1367 1817 1394 1863; x_wconf 88' lang='lat' dir='ltr'>et</span> <span class='ocrx_word' id='word_1_137' title='bbox 1415 1809 1477 1865; x_wconf 92' lang='lat' dir='ltr'>odio</span> <span class='ocrx_word' id='word_1_138' title='bbox 1496 1810 1648 1882; x_wconf 75' lang='lat' dir='ltr'>hypocrisis</span> 
     </span>
     <span class='ocr_line' id='line_1_14' title="bbox 356 1893 1644 1969; baseline 0.002 -23"><span class='ocrx_word' id='word_1_139' title='bbox 356 1894 468 1954; x_wconf 88' lang='lat' dir='ltr'>ardens,</span> <span class='ocrx_word' id='word_1_140' title='bbox 493 1900 519 1948; x_wconf 88' lang='lat' dir='ltr'>tc</span> <span class='ocrx_word' id='word_1_141' title='bbox 535 1893 571 1948; x_wconf 93' lang='lat' dir='ltr'>ibi</span> <span class='ocrx_word' id='word_1_142' title='bbox 588 1895 615 1949; x_wconf 92' lang='grc' dir='ltr'>ιιι</span> <span class='ocrx_word' id='word_1_143' title='bbox 630 1894 719 1949; x_wconf 92' lang='lat' dir='ltr'>medio</span> <span class='ocrx_word' id='word_1_144' title='bbox 739 1894 839 1969; x_wconf 90' lang='lat' dir='ltr'>templo</span> <span class='ocrx_word' id='word_1_145' title='bbox 855 1902 987 1955; x_wconf 88' lang='lat' dir='ltr'>stantem,</span> <span class='ocrx_word' id='word_1_146' title='bbox 1009 1903 1063 1949; x_wconf 87' lang='lat' dir='ltr'>tam</span> <span class='ocrx_word' id='word_1_147' title='bbox 1085 1895 1264 1949; x_wconf 79' lang='lat' dir='ltr'>confidentem</span> <span class='ocrx_word' id='word_1_148' title='bbox 1286 1893 1481 1954; x_wconf 84' lang='lat' dir='ltr'>simulatorem,</span> <span class='ocrx_word' id='word_1_149' title='bbox 1504 1893 1591 1966; x_wconf 83' lang='lat' dir='ltr'>palam</span> <span class='ocrx_word' id='word_1_150' title='bbox 1611 1895 1644 1949; x_wconf 86' lang='lat' dir='ltr'>ri·</span> 
     </span>
     <span class='ocr_line' id='line_1_15' title="bbox 357 1977 1716 2052; baseline 0 -22"><span class='ocrx_word' id='word_1_151' title='bbox 357 1978 434 2031; x_wconf 76' lang='lat' dir='ltr'>«leret</span> <span class='ocrx_word' id='word_1_152' title='bbox 458 1986 485 2033; x_wconf 91' lang='lat' dir='ltr'>et</span> <span class='ocrx_word' id='word_1_153' title='bbox 506 1979 701 2051; x_wconf 86' lang='lat' dir='ltr'>consputaret‘l</span> <span class='ocrx_word' id='word_1_154' title='bbox 723 1978 754 2033; x_wconf 84' lang='lat' dir='ltr'>Et</span> <span class='ocrx_word' id='word_1_155' title='bbox 776 1996 828 2051; x_wconf 89' lang='lat' dir='ltr'>ego</span> <span class='ocrx_word' id='word_1_156' title='bbox 847 1979 954 2052; x_wconf 91' lang='lat' dir='ltr'>quidem</span> <span class='ocrx_word' id='word_1_157' title='bbox 977 1979 1034 2051; x_wconf 86' lang='lat' dir='ltr'>ipse</span> <span class='ocrx_word' id='word_1_158' title='bbox 1053 1979 1123 2034; x_wconf 89' lang='lat' dir='ltr'>istuc</span> <span class='ocrx_word' id='word_1_159' title='bbox 1145 1995 1176 2033; x_wconf 93' lang='lat' dir='ltr'>os</span> <span class='ocrx_word' id='word_1_160' title='bbox 1200 1985 1275 2032; x_wconf 86' lang='lat' dir='ltr'>tuum</span> <span class='ocrx_word' id='word_1_161' title='bbox 1295 1977 1438 2050; x_wconf 82' lang='lat' dir='ltr'>impudens</span> <span class='ocrx_word' id='word_1_162' title='bbox 1459 1977 1570 2032; x_wconf 89' lang='lat' dir='ltr'>nimium</span> <span class='ocrx_word' id='word_1_163' title='bbox 1593 1977 1716 2034; x_wconf 76' lang='lat' dir='ltr'>vet-vav.</span> 
     </span>
     <span class='ocr_line' id='line_1_16' title="bbox 326 2059 1647 2135; baseline 0.002 -20"><span class='ocrx_word' id='word_1_164' title='bbox 326 2061 411 2117; x_wconf 68' lang='lat' dir='ltr'>tblem</span> <span class='ocrx_word' id='word_1_165' title='bbox 436 2061 542 2121; x_wconf 84' lang='lat' dir='ltr'>videre,</span> <span class='ocrx_word' id='word_1_166' title='bbox 574 2063 636 2134; x_wconf 90' lang='lat' dir='ltr'>quis</span> <span class='ocrx_word' id='word_1_167' title='bbox 658 2070 743 2123; x_wconf 90' lang='lat' dir='ltr'>esset,</span> <span class='ocrx_word' id='word_1_168' title='bbox 769 2072 799 2118; x_wconf 91' lang='lat' dir='ltr'>nt</span> <span class='ocrx_word' id='word_1_169' title='bbox 822 2062 867 2117; x_wconf 92' lang='lat' dir='ltr'>ille</span> <span class='ocrx_word' id='word_1_170' title='bbox 889 2062 992 2135; x_wconf 83' lang='lat' dir='ltr'>inquit,</span> <span class='ocrx_word' id='word_1_171' title='bbox 1021 2069 1108 2117; x_wconf 88' lang='lat' dir='ltr'>status</span> <span class='ocrx_word' id='word_1_172' title='bbox 1130 2070 1223 2117; x_wconf 85' lang='lat' dir='ltr'>tenere</span> <span class='ocrx_word' id='word_1_173' title='bbox 1248 2068 1274 2116; x_wconf 85' lang='lat' dir='ltr'>te</span> <span class='ocrx_word' id='word_1_174' title='bbox 1296 2060 1347 2116; x_wconf 93' lang='lat' dir='ltr'>hoc</span> <span class='ocrx_word' id='word_1_175' title='bbox 1375 2059 1525 2123; x_wconf 81' lang='lat' dir='ltr'>flabellum,</span> <span class='ocrx_word' id='word_1_176' title='bbox 1554 2069 1647 2118; x_wconf 82' lang='lat' dir='ltr'>tencre</span> 
     </span>
     <span class='ocr_line' id='line_1_17' title="bbox 358 2144 838 2207; baseline 0.002 -8"><span class='ocrx_word' id='word_1_177' title='bbox 358 2153 385 2199; x_wconf 90' lang='lat' dir='ltr'>te</span> <span class='ocrx_word' id='word_1_178' title='bbox 407 2144 589 2207; x_wconf 86' lang='lat' dir='ltr'>tlvnribnlum,</span> <span class='ocrx_word' id='word_1_179' title='bbox 608 2145 705 2201; x_wconf 90' lang='lat' dir='ltr'>animal</span> <span class='ocrx_word' id='word_1_180' title='bbox 725 2154 838 2202; x_wconf 89' lang='lat' dir='ltr'>tantum.</span> 
     </span>
     <span class='ocr_line' id='line_1_18' title="bbox 359 2228 1647 2303; baseline 0.003 -20"><span class='ocrx_word' id='word_1_181' title='bbox 359 2287 366 2298; x_wconf 64' lang='grc'><em>,</em></span> <span class='ocrx_word' id='word_1_182' title='bbox 442 2229 540 2285; x_wconf 80' lang='lat' dir='ltr'>Verum</span> <span class='ocrx_word' id='word_1_183' title='bbox 559 2229 616 2285; x_wconf 81' lang='lat' dir='ltr'>haec</span> <span class='ocrx_word' id='word_1_184' title='bbox 637 2247 688 2303; x_wconf 89' lang='lat' dir='ltr'>pro</span> <span class='ocrx_word' id='word_1_185' title='bbox 707 2229 833 2286; x_wconf 85' lang='lat' dir='ltr'>libertate</span> <span class='ocrx_word' id='word_1_186' title='bbox 855 2230 978 2286; x_wconf 68' lang='lat' dir='ltr'>amicitiae.</span> <span class='ocrx_word' id='word_1_187' title='bbox 1000 2229 1064 2285; x_wconf 93' lang='lat' dir='ltr'>boni</span> <span class='ocrx_word' id='word_1_188' title='bbox 1085 2228 1226 2289; x_wconf 83' lang='lat' dir='ltr'>consules,</span> <span class='ocrx_word' id='word_1_189' title='bbox 1250 2236 1278 2282; x_wconf 93' lang='lat' dir='ltr'>ct</span> <span class='ocrx_word' id='word_1_190' title='bbox 1298 2229 1350 2283; x_wconf 87' lang='lat' dir='ltr'>nisi</span> <span class='ocrx_word' id='word_1_191' title='bbox 1373 2229 1481 2284; x_wconf 86' lang='lat' dir='ltr'>ruditus</span> <span class='ocrx_word' id='word_1_192' title='bbox 1498 2230 1647 2287; x_wconf 91' lang='lat' dir='ltr'>vicinorum</span> 
     </span>
     <span class='ocr_line' id='line_1_19' title="bbox 357 2313 1647 2387; baseline 0.002 -19"><span class='ocrx_word' id='word_1_193' title='bbox 357 2313 398 2385; x_wconf 90' lang='grc' dir='ltr'>(ιιι</span> <span class='ocrx_word' id='word_1_194' title='bbox 416 2321 445 2368; x_wconf 92' lang='grc' dir='ltr'>ιιι</span> <span class='ocrx_word' id='word_1_195' title='bbox 461 2313 562 2387; x_wconf 82' lang='lat' dir='ltr'>inquis)</span> <span class='ocrx_word' id='word_1_196' title='bbox 585 2314 723 2369; x_wconf 83' lang='lat' dir='ltr'>asinomm</span> <span class='ocrx_word' id='word_1_197' title='bbox 743 2322 818 2369; x_wconf 91' lang='lat' dir='ltr'>tuum</span> <span class='ocrx_word' id='word_1_198' title='bbox 836 2313 901 2370; x_wconf 93' lang='lat' dir='ltr'>illud</span> <span class='ocrx_word' id='word_1_199' title='bbox 916 2313 1067 2369; x_wconf 78' lang='lat' dir='ltr'>literarium</span> <span class='ocrx_word' id='word_1_200' title='bbox 1084 2313 1267 2368; x_wconf 83' lang='lat' dir='ltr'>interturbant</span> <span class='ocrx_word' id='word_1_201' title='bbox 1282 2314 1379 2374; x_wconf 89' lang='lat' dir='ltr'>ocium,</span> <span class='ocrx_word' id='word_1_202' title='bbox 1396 2322 1443 2367; x_wconf 80' lang='lat' dir='ltr'>aiat</span> <span class='ocrx_word' id='word_1_203' title='bbox 1462 2315 1552 2369; x_wconf 89' lang='lat' dir='ltr'>studia</span> <span class='ocrx_word' id='word_1_204' title='bbox 1568 2315 1647 2370; x_wconf 88' lang='lat' dir='ltr'>isthic</span> 
     </span>
     <span class='ocr_line' id='line_1_20' title="bbox 356 2397 1646 2471; baseline 0.003 -20"><span class='ocrx_word' id='word_1_205' title='bbox 356 2398 599 2458; x_wconf 83' lang='lat' dir='ltr'>Concionatorum,</span> <span class='ocrx_word' id='word_1_206' title='bbox 621 2398 667 2470; x_wconf 91' lang='lat' dir='ltr'>qui</span> <span class='ocrx_word' id='word_1_207' title='bbox 683 2398 819 2454; x_wconf 83' lang='lat' dir='ltr'>doctiores</span> <span class='ocrx_word' id='word_1_208' title='bbox 841 2406 869 2453; x_wconf 88' lang='lat' dir='ltr'>ct</span> <span class='ocrx_word' id='word_1_209' title='bbox 891 2397 1018 2453; x_wconf 88' lang='lat' dir='ltr'>meliores</span> <span class='ocrx_word' id='word_1_210' title='bbox 1040 2397 1089 2452; x_wconf 89' lang='lat' dir='ltr'>viri</span> <span class='ocrx_word' id='word_1_211' title='bbox 1114 2405 1140 2451; x_wconf 87' lang='lat' dir='ltr'>tc</span> <span class='ocrx_word' id='word_1_212' title='bbox 1162 2415 1221 2453; x_wconf 88' lang='lat' dir='ltr'>esse</span> <span class='ocrx_word' id='word_1_213' title='bbox 1244 2397 1434 2471; x_wconf 83' lang='lat' dir='ltr'>perhibentur,</span> <span class='ocrx_word' id='word_1_214' title='bbox 1462 2415 1554 2470; x_wconf 78' lang='lat' dir='ltr'>quasa</span> <span class='ocrx_word' id='word_1_215' title='bbox 1584 2400 1646 2455; x_wconf 86' lang='lat' dir='ltr'>ridi·</span> 
     </span>
     <span class='ocr_line' id='line_1_21' title="bbox 321 2480 1647 2554; baseline 0.002 -17"><span class='ocrx_word' id='word_1_216' title='bbox 321 2481 418 2537; x_wconf 73' lang='lat' dir='ltr'>menta</span> <span class='ocrx_word' id='word_1_217' title='bbox 439 2481 560 2553; x_wconf 70' lang='lat' dir='ltr'>quaedam</span> <span class='ocrx_word' id='word_1_218' title='bbox 584 2480 637 2536; x_wconf 93' lang='lat' dir='ltr'>illis</span> <span class='ocrx_word' id='word_1_219' title='bbox 659 2483 728 2542; x_wconf 89' lang='lat' dir='ltr'>tuis,</span> <span class='ocrx_word' id='word_1_220' title='bbox 755 2482 781 2536; x_wconf 94' lang='lat' dir='ltr'>id</span> <span class='ocrx_word' id='word_1_221' title='bbox 803 2489 845 2537; x_wconf 88' lang='lat' dir='ltr'>est</span> <span class='ocrx_word' id='word_1_222' title='bbox 867 2482 941 2537; x_wconf 84' lang='lat' dir='ltr'>Croti</span> <span class='ocrx_word' id='word_1_223' title='bbox 968 2481 1155 2542; x_wconf 87' lang='lat' dir='ltr'>ironicissimi,</span> <span class='ocrx_word' id='word_1_224' title='bbox 1184 2498 1308 2554; x_wconf 85' lang='lat' dir='ltr'>respersa</span> <span class='ocrx_word' id='word_1_225' title='bbox 1330 2489 1358 2536; x_wconf 92' lang='lat' dir='ltr'>et</span> <span class='ocrx_word' id='word_1_226' title='bbox 1381 2482 1462 2537; x_wconf 89' lang='lat' dir='ltr'>tincta</span> <span class='ocrx_word' id='word_1_227' title='bbox 1484 2483 1586 2538; x_wconf 88' lang='lat' dir='ltr'>salibus</span> <span class='ocrx_word' id='word_1_228' title='bbox 1605 2502 1647 2540; x_wconf 92' lang='lat' dir='ltr'>ac·</span> 
     </span>
     <span class='ocr_line' id='line_1_22' title="bbox 356 2565 1715 2639; baseline 0.003 -18"><span class='ocrx_word' id='word_1_229' title='bbox 356 2573 450 2621; x_wconf 86' lang='lat' dir='ltr'>curate</span> <span class='ocrx_word' id='word_1_230' title='bbox 469 2565 597 2622; x_wconf 82' lang='lat' dir='ltr'>rescribe.</span> <span class='ocrx_word' id='word_1_231' title='bbox 642 2566 699 2637; x_wconf 89' lang='lat' dir='ltr'>Ego</span> <span class='ocrx_word' id='word_1_232' title='bbox 721 2583 788 2621; x_wconf 87' lang='lat' dir='ltr'>nova</span> <span class='ocrx_word' id='word_1_233' title='bbox 816 2567 937 2639; x_wconf 72' lang='lat' dir='ltr'>(quaedam</span> <span class='ocrx_word' id='word_1_234' title='bbox 968 2567 1058 2639; x_wconf 88' lang='lat' dir='ltr'>accepi</span> <span class='ocrx_word' id='word_1_235' title='bbox 1087 2583 1118 2620; x_wconf 85' lang='lat' dir='ltr'>es</span> <span class='ocrx_word' id='word_1_236' title='bbox 1143 2566 1218 2621; x_wconf 88' lang='lat' dir='ltr'>curia</span> <span class='ocrx_word' id='word_1_237' title='bbox 1239 2566 1372 2628; x_wconf 88' lang='lat' dir='ltr'>Romana,</span> <span class='ocrx_word' id='word_1_238' title='bbox 1401 2584 1432 2621; x_wconf 82' lang='lat' dir='ltr'>cx</span> <span class='ocrx_word' id='word_1_239' title='bbox 1459 2568 1516 2639; x_wconf 88' lang='lat' dir='ltr'>ipsa</span> <span class='ocrx_word' id='word_1_240' title='bbox 1538 2568 1715 2627; x_wconf 61' lang='lat' dir='ltr'>Camerata.</span> 
     </span>
     <span class='ocr_line' id='line_1_23' title="bbox 355 2649 1647 2723; baseline 0.004 -19"><span class='ocrx_word' id='word_1_241' title='bbox 355 2649 502 2705; x_wconf 81' lang='lat' dir='ltr'>Cleruentis</span> <span class='ocrx_word' id='word_1_242' title='bbox 524 2650 574 2703; x_wconf 89' lang='lat' dir='ltr'>Vll.</span> <span class='ocrx_word' id='word_1_243' title='bbox 597 2666 677 2722; x_wconf 85' lang='lat' dir='ltr'>quern</span> <span class='ocrx_word' id='word_1_244' title='bbox 700 2656 743 2710; x_wconf 83' lang='lat' dir='ltr'>tu.</span> <span class='ocrx_word' id='word_1_245' title='bbox 771 2659 802 2704; x_wconf 89' lang='lat' dir='ltr'>ut</span> <span class='ocrx_word' id='word_1_246' title='bbox 827 2651 923 2708; x_wconf 91' lang='lat' dir='ltr'>audio.</span> <span class='ocrx_word' id='word_1_247' title='bbox 953 2649 1105 2705; x_wconf 88' lang='lat' dir='ltr'>clanculum</span> <span class='ocrx_word' id='word_1_248' title='bbox 1136 2651 1205 2723; x_wconf 92' lang='lat' dir='ltr'>apnd</span> <span class='ocrx_word' id='word_1_249' title='bbox 1237 2658 1298 2705; x_wconf 86' lang='lat' dir='ltr'>tuos</span> <span class='ocrx_word' id='word_1_250' title='bbox 1320 2651 1472 2723; x_wconf 75' lang='lat' dir='ltr'>symmistes</span> <span class='ocrx_word' id='word_1_251' title='bbox 1495 2651 1647 2709; x_wconf 80' lang='lat' dir='ltr'>dementem</span> 
     </span>
     <span class='ocr_line' id='line_1_24' title="bbox 356 2734 1648 2811; baseline 0.006 -26"><span class='ocrx_word' id='word_1_252' title='bbox 356 2734 408 2788; x_wconf 85' lang='lat' dir='ltr'>Vll.</span> <span class='ocrx_word' id='word_1_253' title='bbox 433 2751 528 2789; x_wconf 88' lang='lat' dir='ltr'>vocare</span> <span class='ocrx_word' id='word_1_254' title='bbox 547 2734 632 2793; x_wconf 86' lang='lat' dir='ltr'>solos.</span> <span class='ocrx_word' id='word_1_255' title='bbox 655 2735 745 2807; x_wconf 88' lang='lat' dir='ltr'>accepi</span> <span class='ocrx_word' id='word_1_256' title='bbox 768 2743 795 2789; x_wconf 89' lang='lat' dir='ltr'>ct</span> <span class='ocrx_word' id='word_1_257' title='bbox 816 2735 1016 2807; x_wconf 87' lang='lat' dir='ltr'>disputationes</span> <span class='ocrx_word' id='word_1_258' title='bbox 1039 2734 1181 2808; x_wconf 70' lang='lat' dir='ltr'>qnamdam,</span> <span class='ocrx_word' id='word_1_259' title='bbox 1201 2742 1331 2807; x_wconf 87' lang='lat' dir='ltr'>quantum</span> <span class='ocrx_word' id='word_1_260' title='bbox 1356 2752 1424 2789; x_wconf 90' lang='lat' dir='ltr'>unns</span> <span class='ocrx_word' id='word_1_261' title='bbox 1441 2735 1511 2808; x_wconf 82' lang='lat' dir='ltr'>Papa</span> <span class='ocrx_word' id='word_1_262' title='bbox 1527 2744 1648 2811; x_wconf 86' lang='lat' dir='ltr'>tempore</span> 
     </span>
     <span class='ocr_line' id='line_1_25' title="bbox 356 2818 1649 2891; baseline 0.005 -20"><span class='ocrx_word' id='word_1_263' title='bbox 356 2819 398 2872; x_wconf 90' lang='lat' dir='ltr'>sni</span> <span class='ocrx_word' id='word_1_264' title='bbox 423 2826 537 2891; x_wconf 86' lang='lat' dir='ltr'>papatus</span> <span class='ocrx_word' id='word_1_265' title='bbox 559 2820 648 2891; x_wconf 86' lang='lat' dir='ltr'>possit</span> <span class='ocrx_word' id='word_1_266' title='bbox 671 2818 740 2874; x_wconf 86' lang='lat' dir='ltr'>bona</span> <span class='ocrx_word' id='word_1_267' title='bbox 763 2819 929 2874; x_wconf 90' lang='lat' dir='ltr'>conscientia</span> <span class='ocrx_word' id='word_1_268' title='bbox 953 2820 1065 2873; x_wconf 81' lang='lat' dir='ltr'>sundere</span> <span class='ocrx_word' id='word_1_269' title='bbox 1097 2818 1237 2889; x_wconf 84' lang='lat' dir='ltr'>sanguinis</span> <span class='ocrx_word' id='word_1_270' title='bbox 1268 2819 1293 2872; x_wconf 91' lang='lat' dir='ltr'>in</span> <span class='ocrx_word' id='word_1_271' title='bbox 1318 2818 1395 2872; x_wconf 86' lang='lat' dir='ltr'>bellis</span> <span class='ocrx_word' id='word_1_272' title='bbox 1416 2818 1528 2881; x_wconf 87' lang='lat' dir='ltr'>italicis,</span> <span class='ocrx_word' id='word_1_273' title='bbox 1555 2831 1585 2876; x_wconf 90' lang='grc' dir='ltr'>ιιι</span> <span class='ocrx_word' id='word_1_274' title='bbox 1608 2824 1649 2877; x_wconf 92' lang='lat' dir='ltr'>ni·</span> 
     </span>
     <span class='ocr_line' id='line_1_26' title="bbox 321 2902 1648 2974; baseline 0.004 -18"><span class='ocrx_word' id='word_1_275' title='bbox 321 2911 347 2950; x_wconf 83' lang='lat'>²⁵</span> <span class='ocrx_word' id='word_1_276' title='bbox 359 2902 416 2956; x_wconf 91' lang='lat' dir='ltr'>hilo</span> <span class='ocrx_word' id='word_1_277' title='bbox 438 2903 526 2958; x_wconf 85' lang='lat' dir='ltr'>rninus</span> <span class='ocrx_word' id='word_1_278' title='bbox 548 2910 654 2957; x_wconf 87' lang='lat' dir='ltr'>maneat</span> <span class='ocrx_word' id='word_1_279' title='bbox 676 2902 796 2958; x_wconf 82' lang='lat' dir='ltr'>Vicarius</span> <span class='ocrx_word' id='word_1_280' title='bbox 820 2902 929 2957; x_wconf 86' lang='lat' dir='ltr'>humilis</span> <span class='ocrx_word' id='word_1_281' title='bbox 959 2912 986 2956; x_wconf 90' lang='lat' dir='ltr'>ct</span> <span class='ocrx_word' id='word_1_282' title='bbox 1011 2903 1141 2958; x_wconf 88' lang='lat' dir='ltr'>nransucti</span> <span class='ocrx_word' id='word_1_283' title='bbox 1163 2903 1278 2965; x_wconf 74' lang='lat' dir='ltr'>illinisti;</span> <span class='ocrx_word' id='word_1_284' title='bbox 1309 2903 1372 2957; x_wconf 90' lang='lat' dir='ltr'>item</span> <span class='ocrx_word' id='word_1_285' title='bbox 1395 2903 1488 2974; x_wconf 88' lang='lat' dir='ltr'>qualos</span> <span class='ocrx_word' id='word_1_286' title='bbox 1510 2905 1648 2961; x_wconf 87' lang='lat' dir='ltr'>chirothe-</span> 
     </span>
     <span class='ocr_line' id='line_1_27' title="bbox 355 2985 1646 3062; baseline 0.005 -22"><span class='ocrx_word' id='word_1_287' title='bbox 355 3004 400 3041; x_wconf 88' lang='lat' dir='ltr'>cas</span> <span class='ocrx_word' id='word_1_288' title='bbox 423 2987 508 3041; x_wconf 90' lang='lat' dir='ltr'>imluit</span> <span class='ocrx_word' id='word_1_289' title='bbox 529 2987 615 3059; x_wconf 79' lang='lat' dir='ltr'>Papa.</span> <span class='ocrx_word' id='word_1_290' title='bbox 638 2988 745 3059; x_wconf 90' lang='lat' dir='ltr'>qnando</span> <span class='ocrx_word' id='word_1_291' title='bbox 769 2988 840 3042; x_wconf 83' lang='lat' dir='ltr'>inter</span> <span class='ocrx_word' id='word_1_292' title='bbox 863 2987 985 3058; x_wconf 81' lang='lat' dir='ltr'>legiones</span> <span class='ocrx_word' id='word_1_293' title='bbox 1010 2987 1035 3041; x_wconf 93' lang='lat' dir='ltr'>in</span> <span class='ocrx_word' id='word_1_294' title='bbox 1058 2987 1114 3041; x_wconf 89' lang='lat' dir='ltr'>acic</span> <span class='ocrx_word' id='word_1_295' title='bbox 1137 2995 1272 3058; x_wconf 86' lang='lat' dir='ltr'>versatur.</span> <span class='ocrx_word' id='word_1_296' title='bbox 1296 3003 1329 3040; x_wconf 92' lang='lat' dir='ltr'>nc</span> <span class='ocrx_word' id='word_1_297' title='bbox 1352 2985 1427 3042; x_wconf 92' lang='lat' dir='ltr'>locus</span> <span class='ocrx_word' id='word_1_298' title='bbox 1450 2987 1535 3043; x_wconf 78' lang='lat' dir='ltr'>Esaiae</span> <span class='ocrx_word' id='word_1_299' title='bbox 1558 2990 1646 3062; x_wconf 89' lang='lat' dir='ltr'>ipsum</span> 
     </span>
     <span class='ocr_line' id='line_1_28' title="bbox 356 3070 1716 3148; baseline 0.001 -23"><span class='ocrx_word' id='word_1_300' title='bbox 356 3078 450 3143; x_wconf 83' lang='lat' dir='ltr'>tarigal</span> <span class='ocrx_word' id='word_1_301' title='bbox 471 3070 573 3125; x_wconf 77' lang='lat' dir='ltr'>‘Manias</span> <span class='ocrx_word' id='word_1_302' title='bbox 595 3079 691 3127; x_wconf 78' lang='lat' dir='ltr'>vestrae</span> <span class='ocrx_word' id='word_1_303' title='bbox 709 3072 795 3145; x_wconf 78' lang='lat' dir='ltr'>plenae</span> <span class='ocrx_word' id='word_1_304' title='bbox 814 3079 875 3126; x_wconf 88' lang='lat' dir='ltr'>sunl</span> <span class='ocrx_word' id='word_1_305' title='bbox 900 3073 1054 3144; x_wconf 71' lang='lat' dir='ltr'>sanguine:</span> <span class='ocrx_word' id='word_1_306' title='bbox 1085 3072 1147 3125; x_wconf 88' lang='lat' dir='ltr'>item</span> <span class='ocrx_word' id='word_1_307' title='bbox 1172 3072 1242 3142; x_wconf 92' lang='lat' dir='ltr'>qnod</span> <span class='ocrx_word' id='word_1_308' title='bbox 1262 3071 1345 3143; x_wconf 85' lang='lat' dir='ltr'>Papa.</span> <span class='ocrx_word' id='word_1_309' title='bbox 1375 3072 1483 3143; x_wconf 77' lang='lat' dir='ltr'>spuendo</span> <span class='ocrx_word' id='word_1_310' title='bbox 1506 3071 1575 3127; x_wconf 90' lang='lat' dir='ltr'>bella</span> <span class='ocrx_word' id='word_1_311' title='bbox 1600 3092 1646 3148; x_wconf 87' lang='lat' dir='ltr'>ge·</span> <span class='ocrx_word' id='word_1_312' title='bbox 1656 3086 1716 3135; x_wconf 66' lang='lat' dir='ltr'>§.aa</span> 
     </span>
     <span class='ocr_line' id='line_1_29' title="bbox 356 3153 1647 3230; baseline 0.003 -22"><span class='ocrx_word' id='word_1_313' title='bbox 356 3156 408 3216; x_wconf 85' lang='lat' dir='ltr'>rit,</span> <span class='ocrx_word' id='word_1_314' title='bbox 432 3155 562 3210; x_wconf 82' lang='lat' dir='ltr'>aimulum</span> <span class='ocrx_word' id='word_1_315' title='bbox 584 3155 681 3229; x_wconf 77' lang='lat' dir='ltr'>Gygis,</span> <span class='ocrx_word' id='word_1_316' title='bbox 705 3174 758 3212; x_wconf 82' lang='grc' dir='ltr'>ιιιιιι</span> <span class='ocrx_word' id='word_1_317' title='bbox 782 3155 909 3211; x_wconf 85' lang='lat' dir='ltr'>annulum</span> <span class='ocrx_word' id='word_1_318' title='bbox 931 3156 1075 3230; x_wconf 84' lang='lat' dir='ltr'>piscatoris</span> <span class='ocrx_word' id='word_1_319' title='bbox 1096 3163 1199 3226; x_wconf 83' lang='lat' dir='ltr'>gestat.</span> <span class='ocrx_word' id='word_1_320' title='bbox 1222 3172 1255 3209; x_wconf 87' lang='lat' dir='ltr'>ne</span> <span class='ocrx_word' id='word_1_321' title='bbox 1277 3156 1345 3210; x_wconf 81' lang='lat' dir='ltr'>lions</span> <span class='ocrx_word' id='word_1_322' title='bbox 1368 3155 1394 3209; x_wconf 92' lang='lat' dir='ltr'>in</span> <span class='ocrx_word' id='word_1_323' title='bbox 1414 3153 1484 3210; x_wconf 66' lang='lat' dir='ltr'>caelo</span> <span class='ocrx_word' id='word_1_324' title='bbox 1502 3156 1589 3212; x_wconf 87' lang='lat' dir='ltr'>videat</span> <span class='ocrx_word' id='word_1_325' title='bbox 1609 3158 1647 3212; x_wconf 87' lang='lat' dir='ltr'>vi-</span> 
     </span>
     <span class='ocr_line' id='line_1_30' title="bbox 355 3239 1647 3315; baseline 0.004 -22"><span class='ocrx_word' id='word_1_326' title='bbox 355 3256 415 3294; x_wconf 89' lang='lat' dir='ltr'>rnm</span> <span class='ocrx_word' id='word_1_327' title='bbox 438 3240 615 3312; x_wconf 77' lang='lat' dir='ltr'>sanguinum:</span> <span class='ocrx_word' id='word_1_328' title='bbox 638 3240 701 3295; x_wconf 91' lang='lat' dir='ltr'>item</span> <span class='ocrx_word' id='word_1_329' title='bbox 725 3241 796 3313; x_wconf 80' lang='lat' dir='ltr'>qimd</span> <span class='ocrx_word' id='word_1_330' title='bbox 820 3240 963 3296; x_wconf 88' lang='lat' dir='ltr'>concilium</span> <span class='ocrx_word' id='word_1_331' title='bbox 979 3241 1069 3294; x_wconf 85' lang='lat' dir='ltr'>hornae</span> <span class='ocrx_word' id='word_1_332' title='bbox 1091 3239 1124 3293; x_wconf 89' lang='lat' dir='ltr'>sit</span> <span class='ocrx_word' id='word_1_333' title='bbox 1143 3239 1261 3294; x_wconf 76' lang='lat' dir='ltr'>lmlvitnm</span> <span class='ocrx_word' id='word_1_334' title='bbox 1278 3240 1311 3294; x_wconf 90' lang='lat' dir='ltr'>de</span> <span class='ocrx_word' id='word_1_335' title='bbox 1326 3239 1400 3311; x_wconf 86' lang='lat' dir='ltr'>gravi</span> <span class='ocrx_word' id='word_1_336' title='bbox 1415 3239 1544 3300; x_wconf 85' lang='lat' dir='ltr'>articulo,</span> <span class='ocrx_word' id='word_1_337' title='bbox 1567 3259 1647 3315; x_wconf 89' lang='lat' dir='ltr'>quem</span> 
     </span>
     <span class='ocr_line' id='line_1_31' title="bbox 318 3324 1648 3397; baseline 0.002 -18"><span class='ocrx_word' id='word_1_338' title='bbox 318 3331 384 3379; x_wconf 65' lang='lat' dir='ltr'>atet</span> <span class='ocrx_word' id='word_1_339' title='bbox 410 3333 440 3378; x_wconf 93' lang='grc' dir='ltr'>ιιι</span> <span class='ocrx_word' id='word_1_340' title='bbox 460 3324 582 3379; x_wconf 87' lang='lat' dir='ltr'>tractasti</span> <span class='ocrx_word' id='word_1_341' title='bbox 602 3324 796 3397; x_wconf 85' lang='lat' dir='ltr'>magistralitcr</span> <span class='ocrx_word' id='word_1_342' title='bbox 819 3325 844 3379; x_wconf 89' lang='lat' dir='ltr'>in</span> <span class='ocrx_word' id='word_1_343' title='bbox 867 3324 957 3380; x_wconf 91' lang='lat' dir='ltr'>libello</span> <span class='ocrx_word' id='word_1_344' title='bbox 979 3332 1027 3379; x_wconf 88' lang='lat' dir='ltr'>tuo</span> <span class='ocrx_word' id='word_1_345' title='bbox 1050 3324 1081 3378; x_wconf 92' lang='lat' dir='ltr'>ad</span> <span class='ocrx_word' id='word_1_346' title='bbox 1105 3324 1237 3378; x_wconf 86' lang='lat' dir='ltr'>obscuros</span> <span class='ocrx_word' id='word_1_347' title='bbox 1252 3325 1338 3384; x_wconf 87' lang='lat' dir='ltr'>riros,</span> <span class='ocrx_word' id='word_1_348' title='bbox 1362 3331 1429 3395; x_wconf 89' lang='lat' dir='ltr'>quot</span> <span class='ocrx_word' id='word_1_349' title='bbox 1444 3324 1531 3380; x_wconf 85' lang='lat' dir='ltr'>nodos</span> <span class='ocrx_word' id='word_1_350' title='bbox 1546 3326 1579 3380; x_wconf 85' lang='lat' dir='ltr'>de</span> <span class='ocrx_word' id='word_1_351' title='bbox 1596 3344 1648 3382; x_wconf 74' lang='lat' dir='ltr'>cae·</span> 
     </span>
     <span class='ocr_line' id='line_1_32' title="bbox 355 3407 1716 3483; baseline 0.001 -19"><span class='ocrx_word' id='word_1_352' title='bbox 355 3418 416 3464; x_wconf 89' lang='lat' dir='ltr'>tero</span> <span class='ocrx_word' id='word_1_353' title='bbox 442 3407 539 3463; x_wconf 76' lang='lat' dir='ltr'>lvaliere</span> <span class='ocrx_word' id='word_1_354' title='bbox 560 3408 639 3465; x_wconf 87' lang='lat' dir='ltr'>debet</span> <span class='ocrx_word' id='word_1_355' title='bbox 663 3409 789 3483; x_wconf 87' lang='lat' dir='ltr'>cingulus</span> <span class='ocrx_word' id='word_1_356' title='bbox 811 3411 864 3464; x_wconf 86' lang='lat' dir='ltr'>veri</span> <span class='ocrx_word' id='word_1_357' title='bbox 886 3409 1063 3465; x_wconf 78' lang='lat' dir='ltr'>l&#39;ranciscani.</span> <span class='ocrx_word' id='word_1_358' title='bbox 1108 3408 1140 3462; x_wconf 86' lang='lat' dir='ltr'>Et</span> <span class='ocrx_word' id='word_1_359' title='bbox 1168 3408 1190 3463; x_wconf 88' lang='lat' dir='ltr'>si</span> <span class='ocrx_word' id='word_1_360' title='bbox 1219 3407 1347 3463; x_wconf 86' lang='lat' dir='ltr'>delectari</span> <span class='ocrx_word' id='word_1_361' title='bbox 1377 3416 1403 3462; x_wconf 88' lang='lat' dir='ltr'>te</span> <span class='ocrx_word' id='word_1_362' title='bbox 1430 3408 1522 3464; x_wconf 89' lang='lat' dir='ltr'>videro</span> <span class='ocrx_word' id='word_1_363' title='bbox 1544 3412 1646 3467; x_wconf 89' lang='lat' dir='ltr'>mutuis</span> <span class='ocrx_word' id='word_1_364' title='bbox 1657 3419 1716 3469; x_wconf 72' lang='lat' dir='ltr'>§.ta</span> 
     </span>
    </p>
   </div>
   <div class='ocr_carea' id='block_1_3' title="bbox 357 3575 559 3584">
    <p class='ocr_par' dir='ltr' id='par_1_3' title="bbox 357 3575 559 3584">
     <span class='ocr_line' id='line_1_33' title="bbox 357 3575 559 3584; baseline -0.015 0"><span class='ocrx_word' id='word_1_365' title='bbox 357 3575 559 3584; x_wconf 47' lang='grc' dir='ltr'><em>...φ-.-</em></span> 
     </span>
    </p>
   </div>
   <div class='ocr_carea' id='block_1_4' title="bbox 351 3672 1655 5069">
    <p class='ocr_par' dir='ltr' id='par_1_4' title="bbox 351 3672 1655 5069">
     <span class='ocr_line' id='line_1_34' title="bbox 424 3672 1648 3741; baseline 0.002 -18"><span class='ocrx_word' id='word_1_366' title='bbox 424 3672 512 3740; x_wconf 79' lang='lat' dir='ltr'>²ille]</span> <span class='ocrx_word' id='word_1_367' title='bbox 532 3675 591 3725; x_wconf 87' lang='lat' dir='ltr'>Cic.</span> <span class='ocrx_word' id='word_1_368' title='bbox 605 3676 652 3728; x_wconf 87' lang='lat' dir='ltr'>Or.</span> <span class='ocrx_word' id='word_1_369' title='bbox 667 3676 703 3725; x_wconf 88' lang='lat'>11.</span> <span class='ocrx_word' id='word_1_370' title='bbox 718 3676 759 3724; x_wconf 80' lang='lat'>58.</span> <span class='ocrx_word' id='word_1_371' title='bbox 829 3674 881 3735; x_wconf 61' lang='lat'>⁴5.</span> <span class='ocrx_word' id='word_1_372' title='bbox 896 3674 947 3741; x_wconf 68' lang='lat' dir='ltr'>db]</span> <span class='ocrx_word' id='word_1_373' title='bbox 972 3676 1092 3724; x_wconf 90' lang='lat' dir='ltr'>Horrore</span> <span class='ocrx_word' id='word_1_374' title='bbox 1117 3674 1234 3739; x_wconf 87' lang='lat' dir='ltr'>quodam</span> <span class='ocrx_word' id='word_1_375' title='bbox 1258 3674 1351 3724; x_wconf 87' lang='lat' dir='ltr'>divino</span> <span class='ocrx_word' id='word_1_376' title='bbox 1375 3674 1446 3725; x_wconf 89' lang='lat' dir='ltr'>banc</span> <span class='ocrx_word' id='word_1_377' title='bbox 1464 3676 1648 3741; x_wconf 83' lang='lat' dir='ltr'>pulcherrime</span> 
     </span>
     <span class='ocr_line' id='line_1_35' title="bbox 354 3759 1648 3825; baseline 0.002 -17"><span class='ocrx_word' id='word_1_378' title='bbox 354 3760 461 3824; x_wconf 85' lang='lat' dir='ltr'>pictam</span> <span class='ocrx_word' id='word_1_379' title='bbox 480 3760 604 3809; x_wconf 87' lang='lat' dir='ltr'>tabulam</span> <span class='ocrx_word' id='word_1_380' title='bbox 623 3761 756 3810; x_wconf 88' lang='lat' dir='ltr'>intuentis</span> <span class='ocrx_word' id='word_1_381' title='bbox 775 3762 892 3809; x_wconf 88' lang='lat' dir='ltr'>aninmm</span> <span class='ocrx_word' id='word_1_382' title='bbox 912 3760 1053 3825; x_wconf 88' lang='lat' dir='ltr'>perlnndit</span> <span class='ocrx_word' id='word_1_383' title='bbox 1071 3760 1307 3823; x_wconf 65' lang='lat' dir='ltr'>necromanticus.</span> <span class='ocrx_word' id='word_1_384' title='bbox 1344 3765 1461 3808; x_wconf 85' lang='lat' dir='ltr'>trcmore</span> <span class='ocrx_word' id='word_1_385' title='bbox 1474 3759 1648 3823; x_wconf 82' lang='lat' dir='ltr'>discinderis,</span> 
     </span>
     <span class='ocr_line' id='line_1_36' title="bbox 355 3843 1655 3909; baseline 0 -18"><span class='ocrx_word' id='word_1_386' title='bbox 355 3843 513 3892; x_wconf 86' lang='lat' dir='ltr'>miserande</span> <span class='ocrx_word' id='word_1_387' title='bbox 533 3844 624 3894; x_wconf 78' lang='lat' dir='ltr'>Crote.</span> <span class='ocrx_word' id='word_1_388' title='bbox 662 3846 713 3894; x_wconf 81' lang='lat' dir='ltr'>Vix</span> <span class='ocrx_word' id='word_1_389' title='bbox 732 3861 786 3895; x_wconf 91' lang='lat' dir='ltr'>non</span> <span class='ocrx_word' id='word_1_390' title='bbox 810 3846 932 3895; x_wconf 83' lang='lat' dir='ltr'>oli&#39;endor</span> <span class='ocrx_word' id='word_1_391' title='bbox 954 3849 1009 3892; x_wconf 91' lang='lat' dir='ltr'>tum</span> <span class='ocrx_word' id='word_1_392' title='bbox 1034 3844 1104 3908; x_wconf 91' lang='lat' dir='ltr'>quod</span> <span class='ocrx_word' id='word_1_393' title='bbox 1122 3845 1274 3893; x_wconf 86' lang='lat' dir='ltr'>Huttcnnm</span> <span class='ocrx_word' id='word_1_394' title='bbox 1299 3843 1432 3892; x_wconf 86' lang='lat' dir='ltr'>ridentem</span> <span class='ocrx_word' id='word_1_395' title='bbox 1458 3845 1549 3908; x_wconf 88' lang='lat' dir='ltr'>potius</span> <span class='ocrx_word' id='word_1_396' title='bbox 1567 3860 1655 3909; x_wconf 74' lang='lat' dir='ltr'>quamv</span> 
     </span>
     <span class='ocr_line' id='line_1_37' title="bbox 355 3927 1647 3995; baseline 0.001 -18"><span class='ocrx_word' id='word_1_397' title='bbox 355 3928 519 3978; x_wconf 81' lang='lat' dir='ltr'>frementem</span> <span class='ocrx_word' id='word_1_398' title='bbox 540 3928 631 3991; x_wconf 84' lang='lat' dir='ltr'>linxit,</span> <span class='ocrx_word' id='word_1_399' title='bbox 657 3936 713 3979; x_wconf 93' lang='grc' dir='ltr'>ιιιιιι</span> <span class='ocrx_word' id='word_1_400' title='bbox 739 3930 809 3995; x_wconf 91' lang='lat' dir='ltr'>quod</span> <span class='ocrx_word' id='word_1_401' title='bbox 834 3929 926 3978; x_wconf 88' lang='lat' dir='ltr'>stilum</span> <span class='ocrx_word' id='word_1_402' title='bbox 950 3930 1045 3977; x_wconf 78' lang='lat' dir='ltr'>atatim</span> <span class='ocrx_word' id='word_1_403' title='bbox 1068 3933 1132 3992; x_wconf 90' lang='lat' dir='ltr'>post</span> <span class='ocrx_word' id='word_1_404' title='bbox 1151 3930 1178 3977; x_wconf 91' lang='grc' dir='ltr'>ιιι</span> <span class='ocrx_word' id='word_1_405' title='bbox 1198 3927 1317 3977; x_wconf 90' lang='lat' dir='ltr'>colorem</span> <span class='ocrx_word' id='word_1_406' title='bbox 1336 3927 1509 3977; x_wconf 88' lang='lat' dir='ltr'>obscurorum</span> <span class='ocrx_word' id='word_1_407' title='bbox 1529 3931 1647 3978; x_wconf 86' lang='lat' dir='ltr'>virorum</span> 
     </span>
     <span class='ocr_line' id='line_1_38' title="bbox 354 4009 1649 4077; baseline 0.002 -16"><span class='ocrx_word' id='word_1_408' title='bbox 354 4012 479 4062; x_wconf 85' lang='lat' dir='ltr'>incidere</span> <span class='ocrx_word' id='word_1_409' title='bbox 498 4028 596 4077; x_wconf 88' lang='lat' dir='ltr'>passus</span> <span class='ocrx_word' id='word_1_410' title='bbox 616 4018 658 4063; x_wconf 87' lang='lat' dir='ltr'>cst</span> <span class='ocrx_word' id='word_1_411' title='bbox 676 4020 774 4063; x_wconf 82' lang='lat' dir='ltr'>orator.</span> <span class='ocrx_word' id='word_1_412' title='bbox 823 4012 845 4044; x_wconf 89' lang='lat'>¹⁰</span> <span class='ocrx_word' id='word_1_413' title='bbox 863 4013 1032 4062; x_wconf 87' lang='lat' dir='ltr'>chirotecam</span> <span class='ocrx_word' id='word_1_414' title='bbox 1054 4015 1077 4060; x_wconf 87' lang='lat'>1.</span> <span class='ocrx_word' id='word_1_415' title='bbox 1127 4009 1147 4043; x_wconf 83' lang='lat'>¹²</span> <span class='ocrx_word' id='word_1_416' title='bbox 1164 4012 1244 4060; x_wconf 90' lang='lat' dir='ltr'>bomo</span> <span class='ocrx_word' id='word_1_417' title='bbox 1262 4013 1331 4061; x_wconf 79' lang='lat' dir='ltr'>omis.</span> <span class='ocrx_word' id='word_1_418' title='bbox 1347 4014 1406 4061; x_wconf 81' lang='grc'><em>2.3.</em></span> <span class='ocrx_word' id='word_1_419' title='bbox 1455 4010 1475 4044; x_wconf 83' lang='lat'>¹⁵</span> <span class='ocrx_word' id='word_1_420' title='bbox 1493 4014 1555 4076; x_wconf 87' lang='lat' dir='ltr'>quis</span> <span class='ocrx_word' id='word_1_421' title='bbox 1574 4019 1649 4063; x_wconf 88' lang='lat' dir='ltr'>esset</span> 
     </span>
     <span class='ocr_line' id='line_1_39' title="bbox 354 4096 1647 4161; baseline 0.002 -16"><span class='ocrx_word' id='word_1_422' title='bbox 354 4101 446 4146; x_wconf 85' lang='lat' dir='ltr'>status</span> <span class='ocrx_word' id='word_1_423' title='bbox 458 4115 493 4139; x_wconf 93' lang='lat'><strong><em>=</em></strong></span> <span class='ocrx_word' id='word_1_424' title='bbox 504 4113 556 4145; x_wconf 79' lang='lat' dir='ltr'>mas·</span> <span class='ocrx_word' id='word_1_425' title='bbox 574 4100 621 4146; x_wconf 79' lang='lat' dir='ltr'>dos</span> <span class='ocrx_word' id='word_1_426' title='bbox 637 4098 684 4159; x_wconf 74' lang='lat' dir='ltr'>site</span> <span class='ocrx_word' id='word_1_427' title='bbox 701 4101 740 4146; x_wconf 86' lang='lat' dir='ltr'>cia</span> <span class='ocrx_word' id='word_1_428' title='bbox 753 4098 829 4147; x_wconf 83' lang='lat' dir='ltr'>Stant</span> <span class='ocrx_word' id='word_1_429' title='bbox 847 4096 968 4157; x_wconf 80' lang='lat' dir='ltr'>(Pracdt,</span> <span class='ocrx_word' id='word_1_430' title='bbox 990 4097 1080 4161; x_wconf 83' lang='lat' dir='ltr'>Pomp)</span> <span class='ocrx_word' id='word_1_431' title='bbox 1097 4100 1152 4146; x_wconf 84' lang='lat' dir='ltr'>sein</span> <span class='ocrx_word' id='word_1_432' title='bbox 1170 4112 1234 4161; x_wconf 79' lang='lat' dir='ltr'>rung.</span> <span class='ocrx_word' id='word_1_433' title='bbox 1272 4112 1320 4161; x_wconf 86' lang='lat' dir='ltr'>pro</span> <span class='ocrx_word' id='word_1_434' title='bbox 1339 4112 1412 4146; x_wconf 86' lang='lat' dir='ltr'>more</span> <span class='ocrx_word' id='word_1_435' title='bbox 1431 4112 1492 4161; x_wconf 89' lang='lat' dir='ltr'>epp.</span> <span class='ocrx_word' id='word_1_436' title='bbox 1506 4098 1582 4147; x_wconf 91' lang='lat' dir='ltr'>obsc.</span> <span class='ocrx_word' id='word_1_437' title='bbox 1596 4100 1647 4147; x_wconf 86' lang='lat' dir='ltr'>vir.</span> 
     </span>
     <span class='ocr_line' id='line_1_40' title="bbox 353 4179 1649 4246; baseline 0 -16"><span class='ocrx_word' id='word_1_438' title='bbox 353 4180 376 4213; x_wconf 82' lang='lat'>¹⁸</span> <span class='ocrx_word' id='word_1_439' title='bbox 395 4183 478 4230; x_wconf 86' lang='lat' dir='ltr'>anim.</span> <span class='ocrx_word' id='word_1_440' title='bbox 491 4179 608 4246; x_wconf 88' lang='lat' dir='ltr'>tantum]</span> <span class='ocrx_word' id='word_1_441' title='bbox 632 4183 668 4230; x_wconf 81' lang='lat' dir='ltr'>Et</span> <span class='ocrx_word' id='word_1_442' title='bbox 692 4181 750 4230; x_wconf 88' lang='lat' dir='ltr'>baec</span> <span class='ocrx_word' id='word_1_443' title='bbox 770 4181 937 4245; x_wconf 77' lang='lat' dir='ltr'>ambiguitas</span> <span class='ocrx_word' id='word_1_444' title='bbox 957 4181 991 4228; x_wconf 85' lang='lat' dir='ltr'>ad</span> <span class='ocrx_word' id='word_1_445' title='bbox 1010 4181 1185 4230; x_wconf 87' lang='lat' dir='ltr'>obscurorum</span> <span class='ocrx_word' id='word_1_446' title='bbox 1204 4183 1322 4231; x_wconf 89' lang='lat' dir='ltr'>virorum</span> <span class='ocrx_word' id='word_1_447' title='bbox 1341 4180 1547 4230; x_wconf 81' lang='lat' dir='ltr'>vocabularium</span> <span class='ocrx_word' id='word_1_448' title='bbox 1565 4184 1649 4246; x_wconf 85' lang='lat' dir='ltr'>perti·</span> 
     </span>
     <span class='ocr_line' id='line_1_41' title="bbox 352 4262 1649 4330; baseline 0 -15"><span class='ocrx_word' id='word_1_449' title='bbox 352 4272 415 4315; x_wconf 88' lang='lat' dir='ltr'>net:</span> <span class='ocrx_word' id='word_1_450' title='bbox 435 4267 476 4314; x_wconf 85' lang='lat' dir='ltr'>ein</span> <span class='ocrx_word' id='word_1_451' title='bbox 494 4281 523 4315; x_wconf 84' lang='lat' dir='ltr'>so</span> <span class='ocrx_word' id='word_1_452' title='bbox 540 4280 643 4329; x_wconf 84' lang='lat' dir='ltr'>presses</span> <span class='ocrx_word' id='word_1_453' title='bbox 666 4266 741 4314; x_wconf 81' lang='lat' dir='ltr'>Thiar</span> <span class='ocrx_word' id='word_1_454' title='bbox 757 4270 889 4315; x_wconf 80' lang='lat' dir='ltr'>:tantae</span> <span class='ocrx_word' id='word_1_455' title='bbox 908 4263 1055 4329; x_wconf 82' lang='lat' dir='ltr'>dignitatis</span> <span class='ocrx_word' id='word_1_456' title='bbox 1074 4266 1218 4315; x_wconf 89' lang='lat' dir='ltr'>hominem.</span> <span class='ocrx_word' id='word_1_457' title='bbox 1272 4264 1293 4297; x_wconf 74' lang='lat'>¹⁹</span> <span class='ocrx_word' id='word_1_458' title='bbox 1312 4263 1394 4329; x_wconf 82' lang='lat' dir='ltr'>queso</span> <span class='ocrx_word' id='word_1_459' title='bbox 1414 4269 1437 4314; x_wconf 85' lang='lat'>1.</span> <span class='ocrx_word' id='word_1_460' title='bbox 1490 4262 1512 4295; x_wconf 76' lang='lat'>²⁸</span> <span class='ocrx_word' id='word_1_461' title='bbox 1530 4272 1649 4330; x_wconf 88' lang='lat' dir='ltr'>papatus</span> 
     </span>
     <span class='ocr_line' id='line_1_42' title="bbox 352 4340 1648 4413; baseline 0.001 -14"><span class='ocrx_word' id='word_1_462' title='bbox 352 4351 396 4399; x_wconf 75' lang='lat' dir='ltr'>sus</span> <span class='ocrx_word' id='word_1_463' title='bbox 417 4353 441 4398; x_wconf 82' lang='lat'>2.</span> <span class='ocrx_word' id='word_1_464' title='bbox 451 4352 477 4398; x_wconf 78' lang='lat' dir='ltr'>s.</span> <span class='ocrx_word' id='word_1_465' title='bbox 524 4349 546 4381; x_wconf 76' lang='lat'>²⁰</span> <span class='ocrx_word' id='word_1_466' title='bbox 564 4347 906 4398; x_wconf 59' lang='lat' dir='ltr'>suessionense.</span> <span class='ocrx_word' id='word_1_467' title='bbox 953 4344 976 4377; x_wconf 75' lang='lat'>²⁶³</span> <span class='ocrx_word' id='word_1_468' title='bbox 995 4346 1091 4413; x_wconf 63' lang='lat' dir='ltr'>cygn]</span> <span class='ocrx_word' id='word_1_469' title='bbox 1111 4349 1154 4398; x_wconf 79' lang='lat' dir='ltr'>cf.</span> <span class='ocrx_word' id='word_1_470' title='bbox 1170 4349 1276 4400; x_wconf 50' lang='lat' dir='ltr'>creato</span> <span class='ocrx_word' id='word_1_471' title='bbox 1296 4349 1444 4398; x_wconf 76' lang='lat' dir='ltr'>oarno.</span> <span class='ocrx_word' id='word_1_472' title='bbox 1491 4346 1543 4381; x_wconf 63' lang='grc' dir='ltr'>ἰιι</span> <span class='ocrx_word' id='word_1_473' title='bbox 1560 4340 1648 4401; x_wconf 72' lang='lat' dir='ltr'>vniam</span> 
     </span>
     <span class='ocr_line' id='line_1_43' title="bbox 352 4430 1647 4500; baseline 0.001 -17"><span class='ocrx_word' id='word_1_474' title='bbox 352 4430 530 4500; x_wconf 88' lang='lat' dir='ltr'>sanguinum]</span> <span class='ocrx_word' id='word_1_475' title='bbox 549 4433 581 4483; x_wconf 93' lang='lat' dir='ltr'>In</span> <span class='ocrx_word' id='word_1_476' title='bbox 599 4432 713 4498; x_wconf 87' lang='lat' dir='ltr'>psalmis</span> <span class='ocrx_word' id='word_1_477' title='bbox 733 4434 902 4497; x_wconf 77' lang='lat' dir='ltr'>frequentior</span> <span class='ocrx_word' id='word_1_478' title='bbox 919 4432 1049 4496; x_wconf 89' lang='lat' dir='ltr'>loquendi</span> <span class='ocrx_word' id='word_1_479' title='bbox 1066 4435 1164 4482; x_wconf 88' lang='lat' dir='ltr'>lorma.</span> <span class='ocrx_word' id='word_1_480' title='bbox 1217 4432 1240 4465; x_wconf 85' lang='lat'>³⁰</span> <span class='ocrx_word' id='word_1_481' title='bbox 1258 4435 1285 4482; x_wconf 90' lang='lat' dir='ltr'>in</span> <span class='ocrx_word' id='word_1_482' title='bbox 1304 4433 1352 4482; x_wconf 88' lang='lat' dir='ltr'>lib.</span> <span class='ocrx_word' id='word_1_483' title='bbox 1365 4431 1422 4497; x_wconf 83' lang='lat' dir='ltr'>tuo]</span> <span class='ocrx_word' id='word_1_484' title='bbox 1441 4434 1473 4482; x_wconf 89' lang='lat' dir='ltr'>ln</span> <span class='ocrx_word' id='word_1_485' title='bbox 1486 4435 1555 4500; x_wconf 70' lang='lat' dir='ltr'>ttpp.</span> <span class='ocrx_word' id='word_1_486' title='bbox 1569 4436 1601 4484; x_wconf 89' lang='grc' dir='ltr'>Ο.</span> <span class='ocrx_word' id='word_1_487' title='bbox 1615 4436 1647 4485; x_wconf 82' lang='lat' dir='ltr'>V.</span> 
     </span>
     <span class='ocr_line' id='line_1_44' title="bbox 354 4517 1649 4583; baseline 0.002 -16"><span class='ocrx_word' id='word_1_488' title='bbox 354 4534 416 4583; x_wconf 84' lang='lat' dir='ltr'>quoe</span> <span class='ocrx_word' id='word_1_489' title='bbox 435 4517 547 4583; x_wconf 88' lang='lat' dir='ltr'>publice</span> <span class='ocrx_word' id='word_1_490' title='bbox 567 4517 737 4581; x_wconf 86' lang='lat' dir='ltr'>prodierunt,</span> <span class='ocrx_word' id='word_1_491' title='bbox 762 4517 822 4565; x_wconf 76' lang='lat' dir='ltr'>haec</span> <span class='ocrx_word' id='word_1_492' title='bbox 847 4518 963 4581; x_wconf 72' lang='lat' dir='ltr'>‹paraestio</span> <span class='ocrx_word' id='word_1_493' title='bbox 986 4521 1109 4565; x_wconf 86' lang='lat' dir='ltr'>tractata</span> <span class='ocrx_word' id='word_1_494' title='bbox 1132 4532 1185 4566; x_wconf 89' lang='lat' dir='ltr'>uon</span> <span class='ocrx_word' id='word_1_495' title='bbox 1205 4523 1260 4578; x_wconf 86' lang='lat' dir='ltr'>cst,</span> <span class='ocrx_word' id='word_1_496' title='bbox 1285 4518 1388 4567; x_wconf 86' lang='lat' dir='ltr'>similia</span> <span class='ocrx_word' id='word_1_497' title='bbox 1408 4525 1500 4567; x_wconf 84' lang='lat' dir='ltr'>autem</span> <span class='ocrx_word' id='word_1_498' title='bbox 1520 4521 1649 4569; x_wconf 77' lang='lat' dir='ltr'>Erasmus</span> 
     </span>
     <span class='ocr_line' id='line_1_45' title="bbox 354 4600 1649 4669; baseline 0.002 -17"><span class='ocrx_word' id='word_1_499' title='bbox 354 4605 383 4652; x_wconf 92' lang='lat' dir='ltr'>in</span> <span class='ocrx_word' id='word_1_500' title='bbox 401 4603 493 4652; x_wconf 77' lang='lat' dir='ltr'>Morta</span> <span class='ocrx_word' id='word_1_501' title='bbox 517 4600 552 4662; x_wconf 66' lang='grc' dir='ltr'>(ξ.</span> <span class='ocrx_word' id='word_1_502' title='bbox 571 4602 716 4665; x_wconf 81' lang='lat' dir='ltr'>Descriptio</span> <span class='ocrx_word' id='word_1_503' title='bbox 740 4601 925 4664; x_wconf 83' lang='lat' dir='ltr'>monachorum)</span> <span class='ocrx_word' id='word_1_504' title='bbox 949 4601 1047 4650; x_wconf 85' lang='lat' dir='ltr'>lrabet:</span> <span class='ocrx_word' id='word_1_505' title='bbox 1073 4601 1165 4663; x_wconf 79' lang='lat' dir='ltr'>„Quid</span> <span class='ocrx_word' id='word_1_506' title='bbox 1190 4607 1282 4651; x_wconf 77' lang='lat' dir='ltr'>atatem</span> <span class='ocrx_word' id='word_1_507' title='bbox 1306 4603 1451 4652; x_wconf 79' lang='lat' dir='ltr'>iucundius</span> <span class='ocrx_word' id='word_1_508' title='bbox 1474 4619 1554 4668; x_wconf 86' lang='lat' dir='ltr'>qnam</span> <span class='ocrx_word' id='word_1_509' title='bbox 1579 4605 1649 4669; x_wconf 89' lang='lat' dir='ltr'>quod</span> 
     </span>
     <span class='ocr_line' id='line_1_46' title="bbox 353 4685 1648 4753; baseline 0.003 -19"><span class='ocrx_word' id='word_1_510' title='bbox 353 4686 447 4734; x_wconf 88' lang='lat' dir='ltr'>omnia</span> <span class='ocrx_word' id='word_1_511' title='bbox 467 4685 575 4733; x_wconf 83' lang='lat' dir='ltr'>iaciunt</span> <span class='ocrx_word' id='word_1_512' title='bbox 595 4701 627 4733; x_wconf 83' lang='lat' dir='ltr'>cx</span> <span class='ocrx_word' id='word_1_513' title='bbox 646 4687 808 4750; x_wconf 78' lang='lat' dir='ltr'>praescripto</span> <span class='ocrx_word' id='word_1_514' title='bbox 828 4686 906 4749; x_wconf 89' lang='lat' dir='ltr'>qvmsi</span> <span class='ocrx_word' id='word_1_515' title='bbox 930 4685 1137 4733; x_wconf 86' lang='lat' dir='ltr'>mathematicis</span> <span class='ocrx_word' id='word_1_516' title='bbox 1162 4689 1272 4734; x_wconf 85' lang='lat' dir='ltr'>utentes</span> <span class='ocrx_word' id='word_1_517' title='bbox 1296 4687 1463 4748; x_wconf 86' lang='lat' dir='ltr'>rationibus,</span> <span class='ocrx_word' id='word_1_518' title='bbox 1489 4703 1557 4752; x_wconf 88' lang='lat' dir='ltr'>qnas</span> <span class='ocrx_word' id='word_1_519' title='bbox 1580 4705 1648 4753; x_wconf 82' lang='lat' dir='ltr'>proe-</span> 
     </span>
     <span class='ocr_line' id='line_1_47' title="bbox 352 4767 1650 4837; baseline 0.003 -20"><span class='ocrx_word' id='word_1_520' title='bbox 352 4770 438 4817; x_wconf 88' lang='lat' dir='ltr'>terire</span> <span class='ocrx_word' id='word_1_521' title='bbox 458 4767 597 4833; x_wconf 86' lang='lat' dir='ltr'>piaculum</span> <span class='ocrx_word' id='word_1_522' title='bbox 617 4770 667 4817; x_wconf 86' lang='lat' dir='ltr'>sit:</span> <span class='ocrx_word' id='word_1_523' title='bbox 688 4774 753 4832; x_wconf 87' lang='lat' dir='ltr'>quot</span> <span class='ocrx_word' id='word_1_524' title='bbox 772 4769 857 4818; x_wconf 86' lang='lat' dir='ltr'>nodos</span> <span class='ocrx_word' id='word_1_525' title='bbox 875 4769 980 4818; x_wconf 86' lang='lat' dir='ltr'>habeat</span> <span class='ocrx_word' id='word_1_526' title='bbox 999 4768 1125 4830; x_wconf 85' lang='lat' dir='ltr'>calceus,</span> <span class='ocrx_word' id='word_1_527' title='bbox 1145 4783 1198 4833; x_wconf 88' lang='lat' dir='ltr'>quo</span> <span class='ocrx_word' id='word_1_528' title='bbox 1217 4768 1309 4818; x_wconf 88' lang='lat' dir='ltr'>colore</span> <span class='ocrx_word' id='word_1_529' title='bbox 1328 4770 1439 4835; x_wconf 81' lang='lat' dir='ltr'>singula</span> <span class='ocrx_word' id='word_1_530' title='bbox 1457 4774 1557 4834; x_wconf 83' lang='lat' dir='ltr'>vestis,</span> <span class='ocrx_word' id='word_1_531' title='bbox 1583 4779 1650 4837; x_wconf 84' lang='lat' dir='ltr'>quot</span> 
     </span>
     <span class='ocr_line' id='line_1_48' title="bbox 352 4851 1650 4922; baseline 0.005 -22"><span class='ocrx_word' id='word_1_532' title='bbox 352 4851 560 4901; x_wconf 82' lang='lat' dir='ltr'>discriminibus</span> <span class='ocrx_word' id='word_1_533' title='bbox 579 4852 764 4917; x_wconf 83' lang='lat' dir='ltr'>varieganda,</span> <span class='ocrx_word' id='word_1_534' title='bbox 791 4858 910 4917; x_wconf 88' lang='lat' dir='ltr'>quotque</span> <span class='ocrx_word' id='word_1_535' title='bbox 935 4854 1032 4902; x_wconf 79' lang='lat' dir='ltr'>crtlniis</span> <span class='ocrx_word' id='word_1_536' title='bbox 1057 4852 1142 4902; x_wconf 87' lang='lat' dir='ltr'>latum</span> <span class='ocrx_word' id='word_1_537' title='bbox 1166 4855 1321 4919; x_wconf 86' lang='lat' dir='ltr'>cingulum,</span> <span class='ocrx_word' id='word_1_538' title='bbox 1347 4872 1400 4920; x_wconf 92' lang='lat' dir='ltr'>qua</span> <span class='ocrx_word' id='word_1_539' title='bbox 1423 4859 1517 4922; x_wconf 89' lang='lat' dir='ltr'>spceic</span> <span class='ocrx_word' id='word_1_540' title='bbox 1537 4863 1565 4906; x_wconf 87' lang='lat' dir='ltr'>el</span> <span class='ocrx_word' id='word_1_541' title='bbox 1584 4864 1650 4922; x_wconf 88' lang='lat' dir='ltr'>quot</span> 
     </span>
     <span class='ocr_line' id='line_1_49' title="bbox 351 4935 1647 5006; baseline 0.007 -22"><span class='ocrx_word' id='word_1_542' title='bbox 351 4935 504 4985; x_wconf 85' lang='lat' dir='ltr'>modiorum</span> <span class='ocrx_word' id='word_1_543' title='bbox 523 4950 612 5001; x_wconf 83' lang='lat' dir='ltr'>capax</span> <span class='ocrx_word' id='word_1_544' title='bbox 631 4935 769 4999; x_wconf 83' lang='lat' dir='ltr'>cucullus,</span> <span class='ocrx_word' id='word_1_545' title='bbox 794 4942 860 5000; x_wconf 86' lang='lat' dir='ltr'>quot</span> <span class='ocrx_word' id='word_1_546' title='bbox 882 4937 979 5003; x_wconf 85' lang='lat' dir='ltr'>digitis</span> <span class='ocrx_word' id='word_1_547' title='bbox 998 4937 1084 4987; x_wconf 89' lang='lat' dir='ltr'>latum</span> <span class='ocrx_word' id='word_1_548' title='bbox 1104 4938 1285 5005; x_wconf 87' lang='lat' dir='ltr'>capillitium,</span> <span class='ocrx_word' id='word_1_549' title='bbox 1311 4946 1376 5006; x_wconf 91' lang='lat' dir='ltr'>quot</span> <span class='ocrx_word' id='word_1_550' title='bbox 1394 4942 1582 4992; x_wconf 87' lang='lat' dir='ltr'>dormiendum</span> <span class='ocrx_word' id='word_1_551' title='bbox 1600 4942 1647 4993; x_wconf 91' lang='lat' dir='ltr'>ho·</span> 
     </span>
     <span class='ocr_line' id='line_1_50' title="bbox 351 5021 483 5069; baseline 0 0"><span class='ocrx_word' id='word_1_552' title='bbox 351 5021 414 5069; x_wconf 83' lang='lat' dir='ltr'>ras’&#39;</span> <span class='ocrx_word' id='word_1_553' title='bbox 433 5025 483 5069; x_wconf 86' lang='lat' dir='ltr'>etc.</span> 
     </span>
    </p>
   </div>
   <div class='ocr_carea' id='block_1_5' title="bbox 0 0 1972 6034">
    <p class='ocr_par' dir='ltr' id='par_1_5' title="bbox 0 0 1972 6034">
     <span class='ocr_line' id='line_1_51' title="bbox 0 0 1972 6034; baseline 0 0"><span class='ocrx_word' id='word_1_554' title='bbox 0 0 1972 6034; x_wconf 95' lang='lat' dir='ltr'> </span> 
     </span>
    </p>
   </div>
  </div>
 </body>
</html>
