3934 6034
430 687 502 759 324
605 703 803 752 cccxxxlll.
825 717 944 752 saonam
957 717 1060 751 nansia
1075 717 1217 753 insanare
1231 717 1404 753 esesaoinns
1417 717 1548 752 narrans.

429 877 532 949 mapm'
553 884 596 935 est
616 876 824 935 homunculum
850 877 964 949 alioqui
984 876 1158 933 nioriturum
1183 877 1212 932 in
1236 877 1331 948 ianam
1354 871 1521 935 conticere?
1549 875 1659 933 dooere
1684 890 1723 933 ac

429 979 613 1054 persuadere
631 994 770 1051 maenum
786 986 845 1036 est:
863 994 900 1036 ne
912 978 1077 1051 palinodia.»
1090 979 1208 1051 quidem
1223 980 1283 1036 illa
1302 995 1482 1053 mapnopere
1495 984 1609 1037 mouent
1622 993 1722 1051 aerea-

363 1086 430 1136 tatt·
442 1097 550 1156 quam·
565 1082 629 1154 quis
642 1083 719 1139 enim
736 1096 792 1138 nan
808 1082 851 1138 sie
865 1082 1092 1155 iuterpretatur,
1108 1083 1213 1138 maluit
1225 1081 1376 1154 pudefieri
1388 1097 1477 1155 auam
1491 1075 1602 1139 exuri?
1627 1077 1720 1148 Oetam

429 1201 498 1243 aero
516 1200 573 1242 aon
589 1183 764 1258 plausibile,
788 1199 876 1256 qurum
898 1185 1052 1257 episcopus
1066 1185 1118 1256 qui
1133 1183 1255 1241 dedebat
1268 1184 1374 1242 docere
1392 1182 1609 1257 philosophiam
1624 1197 1721 1239 erran-

427 1289 569 1361 pelicam‚
592 1288 622 1343 in
644 1286 690 1343 liis
712 1302 779 1359 qnae
797 1292 865 1343 suaet
885 1285 971 1343 diuites
989 1285 1107 1355 mundi,
1127 1288 1285 1359 plusquam
1300 1291 1438 1359 satrapes
1458 1293 1517 1351 est;
1539 1288 1568 1343 in
1591 1284 1637 1342 liis
1652 1300 1740 1357 arras

430 1396 498 1448 sunt
515 1390 600 1461 fidei,
634 1389 710 1447 ailiil
735 1388 822 1447 ltabet
850 1389 908 1445 nisi
929 1390 1083 1456 articulos,
1114 1404 1266 1458 carceres,
1298 1390 1454 1459 carra'fices
1476 1397 1504 1446 et
1529 1380 1721 1445 incendium?

362 1498 429 1548 §.⁴²2
444 1492 508 1550 Nan
524 1492 641 1567 prudent
658 1494 809 1566 episcopos
830 1492 943 1548 seroire
962 1489 1107 1548 citaritoti
1128 1489 1320 1561 Christianae,
1350 1490 1430 1563 arrad
1447 1490 1554 1562 sulcem
1579 1505 1638 1547 aaa
1657 1504 1721 1562 pu-

432 1596 496 1653 duit
514 1596 674 1668 apostolos·
696 1609 753 1651 noa
771 1595 876 1667 pipeat
895 1593 1026 1650 eruditos
1047 1593 1191 1665 episcopis
1210 1609 1294 1650 aarum
1314 1592 1452 1651 totidem
1474 1592 1611 1652 reddere.
1657 1590 1722 1648 Hoc

431 1699 547 1755 interim
573 1697 725 1755 consilium
754 1696 886 1754 dederim
914 1696 1032 1768 rurique
1049 1697 1149 1767 parti,
1183 1704 1214 1752 ut
1235 1697 1335 1753 rteidri
1356 1694 1510 1769 addictus,
1539 1697 1581 1753 ita
1603 1695 1722 1766 utrique

362 1797 513 1858 §.maneae
534 1800 664 1873 capiens.
709 1798 773 1871 Epo
800 1814 846 1856 me
869 1812 1010 1871 compono
1035 1797 1079 1853 ad
1098 1812 1163 1854 eum
1185 1797 1262 1854 diem
1283 1799 1336 1869 aiei
1355 1813 1401 1855 me
1423 1800 1502 1857 sistet
1520 1804 1588 1856 onte
1611 1797 1754 1857 Cdristlro

431 1901 563 1959 triliano!
569 1922 578 1966 ,·
599 1909 627 1959 et
648 1901 761 1958 idcirco
781 1900 819 1957 al)
841 1902 903 1958 istis
924 1900 1123 1969 contentiosis,
1154 1901 1183 1956 in
1207 1899 1310 1972 quiores
1333 1901 1383 1957 aia
1399 1902 1469 1971 fieri
1484 1906 1631 1976 potestat
1650 1915 1721 1956 aer-

431 2011 511 2063 setur
532 2005 655 2076 aliquis,
678 2004 736 2060 nisi
754 2003 823 2060 dum
844 2001 957 2073 seritur
978 2007 1007 2059 et
1025 2000 1146 2072 referit,
1167 2002 1278 2075 perdat
1297 2003 1413 2076 aliquid
1431 2019 1470 2060 ex
1491 2006 1544 2061 illa
1566 2002 1722 2075 tranquil·

430 2109 514 2165 litate
531 2105 694 2163 t'liristiani
712 2107 846 2179 spiritus.
870 2103 1023 2175 transfero
1045 2119 1090 2160 me
1111 2104 1153 2161 ad
1169 2120 1206 2162 ea
1225 2120 1292 2176 auce
1313 2112 1405 2163 motus
1427 2106 1521 2163 animi
1535 2111 1722 2178 comparant,

363 2220 433 2270 §tlt
444 2225 567 2282 quaerre
583 2209 790 2266 conscientiam
813 2209 1025 2280 tranquillant:
1047 2221 1086 2263 ea
1103 2206 1342 2280 parapluasilms
1363 2223 1502 2281 maenum
1517 2208 1566 2265 lile
1584 2205 1723 2279 fructuum

431 2328 541 2385 capere
561 2328 607 2368 me
624 2311 723 2368 sentio.
767 2324 823 2381 auo
842 2311 937 2380 mapis
957 2308 1030 2367 milii
1047 2309 1139 2376 dolet,
1162 2308 1242 2381 quod
1262 2309 1291 2365 in
1307 2309 1365 2367 ltae
1380 2312 1466 2381 risa,
1490 2311 1559 2367 dium
1573 2312 1640 2382 teau
1654 2325 1758 2382 arran

431 2414 631 2473 calumniatur
647 2410 792 2469 Hutlenas
810 2411 937 2483 dumque
959 2410 1039 2468 diluo
1060 2411 1139 2483 quod
1157 2412 1206 2468 ille
1227 2414 1372 2484 asperpit,
1394 2420 1464 2470 totos
1485 2429 1539 2471 see
1561 2412 1625 2470 dies
1643 2428 1724 2485 per-

432 2516 507 2574 didi.
553 2514 736 2584 Benenate,
761 2514 892 2585 quisquis
912 2529 957 2584 es,
982 2514 1112 2570 caucalide
1133 2516 1232 2571 lector.

877 2647 1130 2699 l’t'erATltn-t'ls
1149 2649 1198 2696 ΑΙ)
1216 2648 1279 2697 EX·

815 2735 1040 2807 postulationem
1061 2734 1195 2807 Humani,
1216 2752 1273 2809 per
1293 2736 1330 2793 ll.

869 2835 1028 2894 Erasmum
1051 2836 1279 2896 Boterodomum

1022 2938 1134 2986 l'ln'lS.

871 3108 908 3156 IN
928 3108 1112 3157 SPONGIAM
1132 3110 1276 3159 ERASMI.

677 3212 817 3287 Appellato
840 3231 900 3270 meo
923 3215 1032 3271 domino
1056 3233 1115 3270 sum
1138 3214 1271 3289 Spongia,
1295 3232 1386 3270 verum

720 3299 826 3355 Lectori
848 3299 951 3374 populo
974 3301 1068 3356 tetrica
1091 3299 1172 3373 Spina
1194 3318 1288 3357 vocor:

678 3385 711 3439 la
732 3385 809 3440 ouius
831 3384 897 3439 darn
919 3385 1064 3441 confossus
1086 3385 1196 3459 cuspide
1219 3403 1305 3461 nuper

721 3469 843 3525 Concidit
864 3469 983 3526 llntteno
1008 3477 1147 3526 stemmate
1170 3470 1259 3527 clarus
1282 3490 1373 3545 siluas.

788 3586 914 3634 Ruricius
933 3585 1038 3635 Cordus
1056 3586 1290 3651 Epigraniniatnm
1303 3587 1349 3635 Vl.
1362 3586 1387 3636 a.
1406 3586 1449 3635 Fi.
1467 3586 1538 3636 lsai.
1552 3584 1588 3636 8⁰.
1604 3586 1654 3637 iol.

974 3670 1040 3719 178⁸.
1060 3671 1202 3721 Helmrost.
1218 3670 1290 3721 lala.
1310 3671 1346 3721 8⁰.
1365 3690 1391 3737 p.
1407 3672 1467 3721 325.

501 3839 577 3889 title
598 3844 622 3889 l.
634 3856 690 3906 sqq.
762 3837 782 3871 ¹⁰
800 3855 849 3889 sex
867 3838 935 3905 dies]
954 3841 995 3890 Ne
1015 3843 1169 3891 coronidem
1189 3843 1297 3907 quidam
1316 3844 1375 3892 sine
1394 3843 1520 3892 mendaci
1540 3843 1679 3892 iaetantia
1693 3842 1725 3892 li·

434 3925 508 3975 bello
532 3941 580 3974 ario
605 3925 721 3989 imponit
738 3926 880 3976 Erasmus:
905 3926 933 3975 in
957 3926 1076 3990 epistula
1098 3930 1151 3993 ipsi
1175 3930 1298 3993 sppngiae
1316 3929 1471 3993 praemissa,
1496 3930 1519 3988 §-
1536 3927 1573 3976 12.
1596 3928 1724 3978 ‘Hntteni

435 4010 658 4075 expostulationi'
678 4010 767 4075 inquit
791 4010 895 4060 ‘statim
914 4012 1041 4076 respondi
1060 4013 1087 4061 in
1106 4028 1198 4062 mense
1217 4012 1315 4076 Iulid',
1340 4018 1368 4062 et
1386 4014 1414 4062 in
1433 4015 1513 4078 epist.
1532 4014 1724 4063 secretissima

437 4096 471 4144 ad
491 4095 652 4145 Goeleninni
671 4096 696 4144 d.
710 4095 734 4143 2.
748 4095 833 4160 april.
848 4111 873 4144 a.
889 4094 962 4145 1524.
977 4096 1044 4145 data
1063 4114 1134 4162 „ogo
1153 4115 1212 4147 max
1236 4114 1399 4163 paraveram
1424 4100 1647 4163 responsionein'’
1667 4105 1723 4148 otc.

436 4181 513 4229 llnde
533 4186 648 4246 apparet
666 4197 713 4230 sex
732 4181 837 4230 «lissum
855 4181 946 4246 spatia
964 4181 1036 4231 liano
1050 4182 1199 4246 Spongiam
1218 4199 1271 4231 non
1290 4167 1421 4232 crorssse.
1446 4184 1574 4232 Ceterum
1594 4182 1723 4247 aquiriam

435 4264 494 4327 plns
518 4281 598 4329 quani
621 4282 670 4316 sex
688 4267 747 4316 dien
767 4268 794 4315 in
814 4283 847 4315 ea
866 4266 1004 4316 elevanda
1028 4268 1280 4332 expamieandaqae
1298 4269 1414 4333 perdidi.
1451 4270 1526 4318 Bane
1545 4268 1621 4331 vale,
1643 4270 1726 4334 niger

435 4351 557 4399 Ernanre.
