3934 6034
386 653 457 724 310
557 669 752 718 (h‘ufxxxul.
774 685 892 718 orosam
907 685 1008 718 suasus
1023 685 1165 720 uovsmsvs
1179 684 1352 718 ,ssesumsos
1367 685 1498 719 nursam.

386 858 455 900 rrum
476 842 619 900 aduersus
638 841 808 900 balluarum.
854 841 901 899 ‘h
921 858 979 900 uon
1001 839 1136 900 habebas'
1168 843 1263 915 inquil
1294 848 1335 900 ‘tn
1355 842 1440 916 apua
1465 849 1492 901 tc
1514 837 1673 900 'consilium

387 946 460 1018 quid
480 951 553 1003 essct
575 943 660 1016 sacto
687 960 773 1018 aprus,
805 946 832 1001 si
854 943 957 1003 Caesar
979 952 1007 1003 te
1029 946 1159 1003 iussisset
1179 947 1209 1002 ia
1228 943 1389 1003 lutherum
1411 940 1578 1004 seriberei’
1611 945 1674 1018 Ape

318 1050 383 1100 §.³¹1·
396 1048 446 1105 ael
466 1046 540 1104 atihi
558 1048 711 1105 consilium
735 1045 893 1114 llutteuus,·
915 1047 1033 1119 *finpat
1053 1050 1095 1105 ita
1117 1048 1265 1106 Cursarem
1286 1049 1378 1121 loqui,
1402 1048 1481 1120 quod
1499 1049 1564 1105 siae
1586 1046 1673 1105 ouon

383 1148 500 1221 facttum
521 1147 647 1220 suisset,
671 1148 818 1219 ‘Erasme,
838 1165 1016 1223 persuasum
1036 1155 1079 1207 est
1097 1148 1178 1208 nohis
1200 1156 1227 1207 te
1248 1165 1311 1207 esse
1333 1150 1427 1207 airum
1447 1152 1498 1222 oui
1517 1155 1546 1207 et
1565 1148 1673 1207 audi-

386 1253 472 1309 ‘tione
492 1262 521 1308 et
541 1252 606 1308 stilo
623 1252 788 1323 plurimum
810 1253 925 1323 valeas,
959 1257 1046 1326 atque
1067 1255 1155 1310 etium
1181 1254 1283 1324 pratia
1300 1254 1417 1326 polleas
1436 1252 1522 1326 apua
1540 1252 1692 1310 eruditam

388 1353 577 1421 ‘Germanos'
609 1352 720 1410 adiuva
747 1355 837 1426 ipitur
864 1360 978 1412 nostras
1004 1363 1127 1412 conatus
1153 1356 1184 1412 in
1208 1355 1408 1428 opprimentia
1433 1355 1674 1428 pestilentissima

389 1456 507 1515 ‘liceresi
525 1455 711 1526 Lutheraua,
740 1458 856 1516 laturus
882 1473 902 1513 a
924 1457 1005 1515 uobis
1026 1459 1208 1530 amplissima
1235 1458 1278 1514 tui
1297 1455 1393 1528 officii
1407 1452 1560 1531 praemia!
1603 1456 1677 1530 quid

389 1559 438 1617 hic
461 1554 701 1631 respondissem?
737 1558 811 1617 ‘Non
837 1564 937 1631 rtaeat,
970 1574 1029 1617 troo
1058 1565 1217 1633 suppetunt
1242 1561 1319 1617 uires
1340 1559 1384 1616 ati
1411 1558 1444 1617 iti
1464 1558 1675 1633 prestandum

321 1667 389 1717 ΜΠ.
404 1660 485 1735 prou
498 1662 592 1734 eripit
609 1667 660 1718 tua
677 1657 849 1719 maiestas?'
867 1663 915 1719 ilie
930 1667 1066 1734 strueret:
1089 1661 1178 1730 ‘laria
1186 1664 1296 1734 possis,
1319 1661 1437 1720 abunde
1450 1662 1599 1734 connitum
1614 1659 1675 1717 hu-

389 1763 497 1820 ‘hemus
515 1778 555 1820 eu·
582 1763 673 1821 doctis
694 1765 781 1834 airis,
815 1779 955 1835 copulatus
975 1779 1013 1822 ac
1034 1765 1165 1821 uolumus
1192 1771 1223 1821 ut
1243 1763 1301 1822 hae
1331 1765 1361 1820 in
1389 1780 1423 1822 re
1450 1779 1560 1822 morem
1582 1775 1705 1835 perusa

390 1866 497 1922 ‘auimo
516 1875 628 1936 nostro,
650 1868 737 1924 sicarii
757 1875 785 1924 et
805 1883 824 1923 a
847 1867 928 1924 reoiris
949 1866 1034 1924 inibis
1053 1868 1185 1937 pratiam
1210 1873 1238 1924 el
1259 1873 1285 1925 te
1304 1865 1389 1939 salsa
1413 1866 1580 1939 suspicione
1599 1864 1675 1922 libc-

330 1979 334 1986 ’
392 1964 496 2037 nabis,
518 1984 586 2039 quiec
607 1975 634 2026 te
654 1985 712 2026 nou
735 1970 824 2027 semel
845 1970 903 2026 iam
927 1969 1030 2027 uelauit
1048 1965 1199 2039 lautiorem
1220 1985 1282 2026 esse
1296 1968 1478 2028 Lutheruaoe
1499 1964 1676 2041 impictatis'.

323 2078 390 2126 §.ns
402 2067 461 2126 llic
485 2068 558 2127 mihi
576 2077 717 2143 supperat
735 2070 896 2142 Ilutteuus,
910 2033 991 2144 ⁶(periti
1006 2080 1079 2128 esset
1099 2070 1346 2144 respondentium.
1385 2073 1412 2128 si
1428 2054 1578 2144 pollicitis
1591 2067 1677 2141 suis-

390 2185 449 2228 sem
465 2186 510 2228 me
521 2170 675 2242 furtiuum
690 2173 821 2231 aturribus
833 2172 1019 2247 posthabitis,
1037 2171 1146 2244 suisset
1164 2174 1321 2247 trapadire
1337 2172 1540 2238 seruientium·
1558 2176 1677 2231 coaetus

387 2270 512 2344 fuissem
527 2289 572 2332 me
589 2274 726 2347 praebere
739 2275 865 2334 scribam
883 2275 1034 2334 monachis
1050 2275 1225 2348 uuibustiam
1241 2291 1278 2333 ac
1294 2274 1446 2348 theolopis,
1467 2289 1539 2348 auos
1554 2276 1707 2332 nimiunn

391 2377 474 2442 reoui;
495 2392 550 2434 nce
572 2378 700 2436 licuisset
721 2377 849 2435 scribere
868 2377 1076 2452 paraphrases
1095 2378 1215 2450 aliaque
1236 2393 1302 2451 aare
1323 2394 1411 2452 spero
1433 2393 1491 2435 non
1512 2376 1583 2435 huic
1607 2385 1678 2433 tau-

325 2484 391 2535 §.u-¹.
404 2485 464 2535 tum
486 2481 584 2536 seculo
602 2477 778 2552 profutura.
814 2481 859 2536 sin
879 2495 1100 2553 pernepassem,
1121 2481 1306 2538 coniecissem
1328 2496 1374 2537 mc
1394 2481 1490 2553 ipsum
1512 2480 1542 2535 in
1562 2480 1679 2537 actileos

392 2579 569 2638 crahroraaa
591 2587 620 2639 el
637 2582 665 2637 in
690 2579 877 2652 mauifestum
895 2583 1068 2655 perniciem.
1099 2587 1179 2656 *quo
1201 2599 1247 2641 me
1263 2575 1499 2655 prompsissent?
1518 2580 1563 2637 ad
1579 2596 1679 2639 arcem

393 2677 538 2740 ihetteui?
562 2683 606 2739 aa
632 2679 881 2757 il'ittenberpam?
902 2679 987 2742 *Sed
1002 2683 1053 2741 ubi
1065 2684 1222 2757 [miseratio
1240 2701 1307 2758 aare
1326 2684 1399 2742 mihi
1411 2678 1559 2758 perisset?
1579 2682 1680 2743 *aaa

393 2791 479 2855 ateis,
502 2784 567 2844 brec
589 2786 723 2843 ualetudo
742 2802 800 2843 riori
820 2789 936 2860 politia
956 2802 1002 2845 me
1024 2789 1133 2858 vapori
1159 2794 1188 2844 et
1213 2803 1314 2860 tuere,
1342 2802 1399 2844 nem
1422 2787 1537 2860 patitur
1559 2787 1710 2844 latitarent

395 2903 432 2945 uc
447 2885 592 2959 similare.
635 2887 722 2946 h'uuc
744 2890 786 2945 ita
807 2905 872 2946 amer
894 2891 1067 2962 temperari,
1090 2895 1120 2946 ul
1137 2905 1191 2947 nec
1217 2889 1421 2963 inexplicabili
1443 2886 1614 2961 labyrintho
1636 2902 1681 2946 me

326 2997 393 3047 §.us
406 2991 588 3062 intolaerim,
610 3007 664 3049 uec
684 2991 864 3049 deseruerim
887 3006 949 3048 rum
968 2993 1179 3064 consepelieam.
1222 2990 1300 3048 Mihi
1319 2986 1473 3048 *nonaum
1491 2991 1582 3064 pleae
1606 3006 1681 3050 coa-

394 3098 466 3162 stat,
489 3108 529 3149 eea
548 3096 656 3152 veritus
677 3097 848 3167 eiiaupelica
868 3095 906 3150 sit
922 3109 1014 3166 penes
1033 3092 1204 3151 lutherum.
1245 3093 1261 3128 '²
1271 3092 1382 3163 (hroasi
1407 3098 1521 3150 constal
1543 3090 1681 3164 Hutbcao,

395 3195 457 3250 ueri
472 3196 667 3267 tenacissimo,
690 3204 718 3256 et
731 3204 859 3272 paratus
875 3203 917 3253 est
932 3211 990 3270 pro
1008 3197 1086 3253 iltius
1104 3194 1274 3267 defensione
1295 3199 1415 3252 mortem
1431 3201 1583 3268 oppetere,
1604 3212 1683 3268 quia

375 3295 506 3368 ¹trepitat
526 3312 563 3355 ac
584 3295 701 3357 latitat?
722 3305 773 3357 eat
793 3298 931 3369 Romam,
960 3303 1015 3355 aul
1033 3304 1082 3355 eal
1102 3299 1133 3354 ia
1157 3297 1445 3370 Galtopermaniam:
1473 3295 1515 3354 ibi
1534 3298 1682 3371 continuet
1693 3319 1715 3358 ss

328 3406 527 3472 §.ussperata
544 3402 661 3473 pitiana.
712 3401 863 3460 Hactenus
893 3401 930 3458 rie
950 3401 1038 3458 liuius
1060 3401 1154 3457 aniani
1177 3399 1388 3469 imbecillitate,
1422 3413 1507 3471 quem
1534 3416 1589 3472 epo
1616 3415 1683 3458 curu

398 3501 496 3559 elecem
519 3501 641 3561 llutteui
660 3504 766 3561 animis
781 3506 851 3578 plus
872 3519 960 3576 qutun
977 3502 1115 3560 Acirilleis
1134 3504 1222 3560 nolim
1238 3507 1420 3575 permutare.
1453 3500 1498 3560 lie
1515 3504 1684 3561 coustantio

397 3618 462 3660 raca
479 3612 553 3677 puta
575 3606 634 3663 iam
655 3608 727 3664 sotis
748 3606 875 3664 dictum:
907 3622 964 3662 aton
990 3611 1032 3663 cst
1052 3606 1224 3662 earistantire
1243 3618 1359 3677 semper
1384 3603 1488 3661 eadem
1510 3605 1605 3677 loqui,
1631 3606 1686 3665 sea

330 3715 396 3764 §.sn
408 3721 524 3780 seraper
543 3707 644 3766 eodem
663 3709 848 3782 pertendere.
878 3708 915 3765 h
936 3725 992 3765 reon
1016 3708 1098 3765 uacet
1118 3707 1296 3764 Germanum
1319 3704 1469 3778 vafricies.
1504 3707 1686 3780 respondeat

397 3809 488 3879 ipitur
509 3810 581 3867 mihi
597 3809 753 3882 illatenus,
776 3826 863 3884 quiam
878 3809 947 3868 hiuc
965 3810 1072 3881 abiret,
1094 3825 1133 3866 an
1150 3815 1231 3867 recto
1249 3808 1428 3882 publicaque
1448 3809 1495 3866 uia
1512 3812 1717 3883 perveneritis

329 3923 394 3973 §.sss
408 3910 604 3980 hlilthusium,
625 3924 654 3970 et
674 3930 714 3970 au
736 3916 821 3971 clara
841 3915 906 3971 iuee
925 3910 1076 3971 Milthusio
1097 3911 1271 3969 discesserit.
1296 3909 1408 3983 Ubique
1428 3926 1474 3969 me
1495 3914 1685 3971 vanissimum

394 4012 474 4084 tacit
494 4023 523 4072 et
542 4016 791 4089 impudentissime
813 4016 999 4086 theudacem,
1026 4014 1082 4072 sibi
1102 4015 1251 4072 ueritatem
1273 4013 1354 4070 illam
1381 4013 1606 4073 adrumentinam
1627 4032 1684 4073 ar-

396 4132 515 4189 ropans.
553 4123 586 4174 ul
605 4135 658 4190 epo
675 4119 862 4192 paucissumis
877 4120 907 4175 ia
926 4118 984 4175 hau
1000 4117 1090 4174 latiae
1108 4131 1293 4184 concessero·
1313 4115 1470 4174 mendaces
1484 4117 1609 4175 oderam
1625 4120 1685 4176 iam

398 4225 456 4276 terra
477 4222 594 4293 pinellus
614 4237 702 4279 sensu
723 4220 850 4293 pecodum
872 4226 1006 4288 rtaterru’,
1029 4235 1117 4293 quaem
1138 4218 1268 4276 nortuum
1287 4222 1394 4277 scirem
1411 4219 1485 4291 quta
1502 4229 1578 4278 esset
1599 4237 1684 4279 men-

399 4322 535 4390 dacium,-
568 4330 596 4380 ei
627 4340 706 4382 reterre
734 4323 863 4381 htrraiues
889 4322 1035 4380 eiusmodi
1060 4324 1103 4380 sie
1127 4338 1265 4393 ‹rerersor,
1297 4329 1329 4379 ut
1354 4323 1442 4379 etiam
1469 4322 1533 4395 ipso
1559 4337 1714 4397 corporeos

396 4439 579 4483 cerrunmeear
600 4426 643 4482 aei
661 4428 777 4484 illerum
798 4434 957 4499 aspectum.
1000 4423 1096 4481 Huius
1114 4426 1160 4481 rei
1180 4430 1264 4482 testes
1287 4429 1376 4482 erunt
1403 4425 1455 4496 peti
1475 4426 1608 4483 consinus
1627 4424 1686 4497 sa-

397 4529 512 4585 miliari
532 4529 745 4601 aarrrcsticaque
767 4528 976 4587 consuetudine
1001 4542 1095 4584 merem
1113 4533 1316 4599 pernoverant
1336 4527 1495 4598 inperium.
1538 4528 1596 4585 imo
1616 4529 1685 4602 qui-

400 4631 451 4688 bus
469 4634 595 4705 propius
616 4638 699 4690 httltls
721 4647 800 4702 strar,
834 4630 910 4688 illecti
927 4629 1000 4687 mihi
1027 4630 1132 4687 vicium
1154 4646 1208 4687 ceu
1223 4630 1380 4704 peculiare
1401 4628 1546 4703 tribrarnt,
1575 4632 1687 4703 lineum

332 4754 397 4803 suo.
410 4734 573 4791 libertatem
595 4733 794 4804 immodicam,
817 4749 883 4806 urere
906 4748 1005 4790 uerunt
1027 4739 1127 4789 tacere
1148 4733 1268 4789 nesciat.
1310 4732 1403 4805 Atqru
1423 4732 1489 4790 lta’c
1509 4737 1553 4789 est
1571 4734 1687 4806 praa·-

397 4852 459 4908 puu
480 4853 590 4907 cassisa,
610 4853 687 4909 orirer
708 4852 753 4893 me
774 4836 811 4893 ah
832 4836 908 4893 aulis
927 4837 1097 4909 principum
1118 4834 1326 4906 subduxerim,
1354 4836 1384 4892 in
1407 4833 1509 4907 peribus
1526 4836 1598 4894 ociis
1614 4838 1717 4898 nolisu

466 5021 472 5052 ¹
489 5018 554 5086 imp]
569 5022 627 5070 Non
641 5021 738 5085 inquit.
753 5020 956 5086 oi.Expost.§§.
966 5018 1086 5069 loiris.
1134 5018 1153 5050 ²¹
1167 5020 1338 5085 Lubiryntho
1353 5022 1377 5068 1.
1423 5016 1445 5050 ²²
1457 5020 1541 5084 plane
1554 5021 1686 5088 Bruuseis.
