3934 6034
320 659 393 731 32ss
431 675 643 725 cccxxxnn.
664 688 853 727 unssnrman
868 690 920 724 rno
934 690 1063 724 nvrrnno
1076 689 1112 724 sn
1126 689 1228 724 russin
1243 690 1382 725 sroscmu
1396 688 1560 724 ncsronslo.

318 853 361 907 nia
392 851 430 906 sic
458 849 535 906 malis
564 848 648 923 allligi
678 858 705 905 ct
733 849 861 905 miserum
889 867 949 906 csso
972 848 999 904 in
1022 850 1071 906 lrac
1093 852 1162 911 trita,
1193 850 1294 906 versari
1317 851 1344 905 in
1368 850 1448 905 uariis
1471 848 1609 924 perieulis,

319 955 379 993 esse
402 936 472 992 sicut
495 952 570 990 oseem
594 934 737 991 occisionis
760 935 897 996 letanie:
926 935 997 1009 apud
1020 953 1069 991 nos
1092 953 1155 991 sero
1179 953 1280 990 sirinano
1305 935 1418 991 felicitas
1441 942 1498 996 est,
1528 943 1610 1009 atque

321 1023 380 1078 ideo
404 1022 508 1078 beatam
531 1020 645 1075 dicimus
667 1028 782 1075 mortem
806 1037 866 1093 quae
889 1019 1014 1075 alissolrit
1036 1029 1063 1076 et
1085 1019 1219 1076 lucrifacit
1235 1038 1284 1076 nos
1300 1020 1422 1083 Christo,
1446 1020 1542 1076 licatos
1563 1037 1608 1074 ro·

321 1125 414 1164 caurus
437 1106 483 1180 (pn
506 1105 690 1161 laureditatern
713 1105 781 1161 liam
803 1103 919 1160 tiliorum
942 1114 1155 1179 consequuntur.

384 1186 457 1270 [st]
503 1207 552 1247 En.
576 1191 681 1246 libello
703 1192 906 1263 spcopltantico
922 1197 1031 1246 tontum
1046 1193 1159 1246 innidiae
1174 1197 1340 1263 tantumque
1355 1192 1426 1248 labis
1442 1192 1629 1246 conciliarets

319 1290 378 1334 tum
407 1278 460 1332 silei
487 1284 545 1332 tum
572 1277 651 1332 bonis
678 1277 768 1331 literis
796 1282 854 1331 tum
883 1278 998 1349 nepoeio
1027 1277 1187 1347 evanpelieo
1216 1283 1272 1331 tum
1298 1277 1466 1332 Germanico
1488 1277 1610 1347 denique

320 1364 434 1420 nomini.
502 1378 552 1418 or.
582 1361 649 1429 Quia
679 1378 742 1416 rere
771 1361 910 1434 evangelio
934 1370 961 1417 et
984 1360 1071 1417 literis
1094 1360 1243 1417 Geriuaniai
1266 1380 1326 1417 cum
1349 1371 1436 1418 restra
1461 1360 1610 1434 tragectlia?

320 1447 402 1504 selmi
432 1464 510 1502 arcario
540 1447 575 1501 sit
602 1445 716 1520 posthae
739 1445 859 1501 lecturus
882 1446 1009 1501 meliores
1031 1446 1140 1506 literas.
1170 1464 1249 1502 tiemo
1273 1447 1474 1503 auscultaturus
1497 1462 1610 1519 evange·

319 1534 372 1595 lio.
403 1549 481 1587 iterato
510 1533 620 1587 tuturus
648 1531 754 1604 integer
776 1531 936 1592 Germanus,
967 1531 1029 1604 qnia
1058 1549 1139 1587 attsns
1168 1540 1209 1587 est
1239 1531 1321 1588 semel
1344 1531 1441 1606 aliquis
1465 1532 1490 1586 in
1515 1530 1610 1587 facicm

320 1619 448 1676 resistere
472 1617 520 1672 tilii
543 1627 569 1671 et
592 1633 706 1688 arguere
729 1617 800 1689 quod
823 1617 855 1672 ael
878 1617 1018 1672 ueritatem
1047 1616 1178 1689 evangelii
1210 1634 1264 1672 non
1294 1625 1366 1672 recte
1395 1616 1524 1672 ambulas.
1569 1617 1641 1672 Anto

321 1721 375 1761 nou
398 1712 426 1759 et
447 1701 546 1757 Paulus
567 1703 678 1757 l'etrum
701 1702 889 1775 reprehendit.
920 1702 1000 1775 irlque
1025 1702 1051 1757 iu
1074 1701 1141 1758 laeic
1164 1702 1250 1758 totius
1277 1702 1416 1758 ecclesia?
1444 1701 1472 1757 Si
1502 1700 1537 1758 ob
1560 1701 1611 1756 lroc

322 1788 489 1863 sycophanta
518 1787 567 1844 nni
596 1796 651 1850 est,
683 1795 771 1842 tarnen
800 1786 868 1843 nulli
897 1786 969 1843 hotto
1000 1796 1041 1843 est
1064 1795 1091 1842 et
1114 1788 1159 1860 qni
1184 1788 1368 1860 integritatem
1390 1786 1508 1842 hominis
1531 1802 1611 1842 nore·

323 1882 395 1931 runt.
440 1871 599 1946 Euangeliou
628 1872 739 1945 negotio
767 1872 805 1927 sic
828 1872 930 1934 obluit,
960 1880 990 1927 ut
1014 1871 1149 1927 videamus
1173 1872 1223 1928 laoc
1246 1890 1317 1928 nnnc
1342 1874 1367 1928 in
1391 1879 1451 1927 toto
1474 1871 1541 1928 orbe
1564 1871 1612 1926 llo·

322 1977 382 2016 rere
405 1957 558 2014 volentibus
580 1956 737 2013 nolentilius
760 1958 882 2031 tyrannus
912 1956 1046 2013 omnilms.
1092 1957 1249 2014 t'iennamico
1272 1966 1361 2013 autem
1385 1957 1486 2013 uonnui
1510 1957 1611 2012 utinam

322 2062 401 2100 nenio
425 2044 460 2098 sit
483 2042 608 2099 illaturus
632 2042 745 2115 posthae
767 2041 896 2098 maiorem
918 2041 1110 2098 contumeliam
1139 2050 1166 2097 ct
1196 2043 1254 2099 cius
1284 2042 1448 2116 integritatis
1471 2050 1499 2097 et
1523 2041 1612 2098 iudicii
1623 2058 1645 2098 rs

323 2138 414 2186 essent
437 2145 530 2184 ornnes
552 2128 658 2201 equites
674 2127 811 2183 Germani!
841 2127 976 2183 Lutlrcrus
1000 2127 1234 2186 uehementissime
1257 2144 1363 2201 semper
1382 2126 1540 2201 complexus
1563 2134 1612 2188 est.

325 2232 377 2270 nim
401 2215 463 2288 qtria
487 2212 606 2268 severius
629 2212 727 2285 agebat
749 2213 884 2285 quasdam,
913 2213 959 2268 seri
992 2212 1118 2286 quoniam
1147 2214 1260 2269 carnalirlo
1289 2214 1378 2268 arrium
1401 2212 1501 2285 agebat
1522 2220 1550 2267 et
1573 2229 1614 2267 re·

323 2300 445 2357 ctissime
468 2298 534 2353 zelo.
582 2298 651 2353 “Seu
674 2298 923 2371 inipuileutissimc”
947 2298 1037 2371 inquis
1060 2305 1137 2354 “sese
1154 2298 1296 2371 ingessit':
1321 2306 1461 2372 expectare
1478 2295 1614 2370 pontilicis

324 2384 491 2440 secretionem
514 2382 636 2439 alclmlrat.
671 2382 718 2437 scil
742 2382 786 2438 illc
809 2383 941 2438 ricininem
963 2382 1063 2438 bonnm
1087 2393 1171 2438 anteat.
1206 2385 1270 2440 ltem
1293 2382 1455 2446 „inciviliter
1477 2390 1505 2438 et
1528 2381 1614 2455 impu·

325 2471 422 2526 cleriter
442 2468 509 2523 elisit
533 2467 678 2541 quaedani''.
724 2467 792 2522 nim
807 2467 895 2541 palam
918 2476 946 2523 et
967 2469 1035 2524 citra
1058 2469 1188 2540 puiloretn
1211 2469 1346 2543 pontificis
1369 2485 1482 2540 regnnm
1505 2484 1538 2522 er
1559 2466 1647 2525 elia-ao

325 2555 389 2611 liolo
412 2571 485 2614 csse.
509 2553 602 2609 tnrlras
626 2553 817 2608 rriiinaeliornm
839 2562 867 2609 et
890 2553 1021 2608 sactiones
1044 2554 1212 2610 sacenlotum
1235 2572 1295 2609 esse
1318 2553 1351 2609 ali
1367 2553 1550 2614 Antichristo,
1574 2569 1615 2607 ra·

325 2649 420 2714 ptores
443 2656 516 2700 osse.
540 2638 628 2699 iures,
653 2638 833 2711 sycophantas
855 2646 881 2693 et
906 2639 1076 2711 hypocritas,
1105 2640 1203 2713 (liguros
1226 2658 1295 2713 qums
1318 2657 1349 2693 ex
1372 2639 1423 2694 linc
1445 2637 1511 2693 orlre
1533 2637 1615 2693 etiarn

326 2726 358 2781 ud
381 2726 480 2780 'lurcas
503 2723 718 2797 prolligarcmns.
763 2722 789 2778 Si
812 2723 864 2779 lum
886 2731 928 2778 est
951 2724 1122 2797 impudenter
1144 2743 1173 2780 so
1196 2725 1334 2797 ingerere,
1358 2724 1414 2779 risle
1437 2740 1471 2778 ne
1494 2722 1615 2779 hactum

327 2809 503 2865 aliorninamln
527 2808 690 2883 iinpanlentia
713 2825 804 2863 verum
826 2808 932 2864 eliserit.

400 2991 560 3042 OTHONIS
579 2990 797 3041 liltVNFllnsll
816 2990 864 3039 Al)
884 2990 930 3040 ΕΛ
949 2991 1033 3052 va
1053 2992 1143 3040 St'n'r
1163 2992 1210 3040 EX
1229 2990 1365 3040 EllASMI
1384 2989 1542 3040 SPONGIA
1625 3007 1649 3047 τι

867 3075 1076 3125 ullseonsto.

393 3195 465 3277 [lt]
504 3215 659 3257 suasura.
687 3200 896 3254 Torttnmcnirn
914 3198 1222 3271 Sponpiuiletersnrns
1244 3214 1315 3253 stam.
1382 3213 1480 3253 orno.
1505 3197 1561 3252 lino
1585 3214 1618 3252 ne

331 3295 439 3343 cennnn
464 3286 549 3342 :aillruc
572 3284 707 3359 Spongiis.

394 3367 465 3447 [st]
510 3387 559 3426 un.
591 3370 670 3425 Nihil
697 3370 848 3424 eriminum
878 3376 928 3424 (tart
961 3371 1152 3424 ecrriaiciarum
1186 3370 1214 3423 in
1242 3370 1442 3424 ‹iitrersarinm
1476 3383 1619 3439 reperent.

331 3475 381 3515 or.
412 3455 466 3511 lloc
494 3464 567 3510 certe
595 3455 730 3510 ‹lccnisset
761 3454 918 3526 theologum
949 3455 1099 3514 liomiucm:
1129 3454 1175 3509 seil
1198 3454 1230 3509 uel
1254 3454 1317 3527 eptiial
1340 3453 1460 3527 appellas
1483 3453 1655 3508 hominemst

331 3542 467 3617 perfrictae
491 3541 604 3602 irritatis,
628 3540 762 3595 leoiinnom
786 3539 887 3595 tirrllins
902 3540 995 3614 pensi,
1021 3539 1217 3613 imprtnlentem
1234 3546 1260 3593 et
1277 3539 1463 3593 tiriatlionem?
1486 3537 1622 3605 Quorsum

330 3635 454 3701 spectant
476 3634 503 3680 et
526 3626 576 3680 alia
600 3625 805 3681 venenatissima
829 3633 973 3681 semmuata
997 3634 1025 3681 et
1047 3625 1257 3680 irnrnlacissimar
1280 3624 1394 3678 ironiau't
1418 3625 1458 3678 iln
1481 3640 1536 3678 non
1559 3630 1623 3679 sunt

332 3713 383 3768 ista
404 3710 541 3767 coaisicia‘l

395 3792 467 3874 [aa]
512 3813 562 3852 un.
587 3795 710 3851 Ilerlrr'tur
732 3796 785 3850 linc
808 3797 851 3850 ael
872 3797 1005 3850 curicitico
1026 3796 1157 3866 pristinae
1180 3796 1223 3850 rel
1244 3810 1312 3848 inere
1332 3802 1482 3865 perpetuae
1504 3808 1623 3849 eonsue-

331 3884 430 3939 trniinr'.
498 3899 547 3937 or.
579 3882 641 3936 Tum
670 3889 810 3956 perpetum
839 3880 957 3935 s‘asriciei
988 3890 1015 3936 et
1043 3879 1245 3941 traunntemia,
1275 3896 1327 3953 qaia
1357 3878 1438 3951 lingis
1461 3887 1488 3933 ct
1511 3879 1655 3952 pungisst

332 3968 438 4024 inonles
460 3966 585 4023 (lentibus
608 3975 635 4022 et
657 3967 787 4040 pranlicas
810 3983 916 4039 paceni.
948 3984 999 4039 qna
1028 3983 1059 4020 eu
1089 3966 1184 4021 coelem
1206 3982 1254 4020 oro
1276 3963 1392 4020 ealiilum
1415 3964 1503 4037 spiras
1526 3972 1553 4019 et
1576 3963 1624 4018 iri·

332 4053 439 4126 gitium.
469 4069 520 4124 qua
543 4069 595 4106 urm
617 4069 697 4106 anaim
721 4059 843 4106 ostentas
867 4069 961 4124 pamem
986 4060 1012 4105 et
1041 4049 1125 4106 altera
1154 4050 1269 4124 lapialem
1298 4049 1378 4106 celas.
1423 4049 1486 4105 llaec
1507 4065 1624 4105 consue·

334 4137 413 4199 turtio,
437 4137 459 4192 si
483 4136 531 4192 tilii
555 4144 686 4209 perpetua
709 4144 766 4194 est.
792 4137 906 4210 pessima
929 4144 979 4191 est.

397 4217 468 4298 [su]
513 4239 563 4278 rin.
588 4221 667 4288 Scin,
691 4240 746 4276 non
768 4221 829 4293 fert
851 4229 1040 4290 ‹terraternptnm
1065 4221 1185 4276 Hnttena'
1203 4236 1359 4292 pecorosus
1382 4223 1503 4276 cerintus.
1571 4234 1623 4276 ou.

334 4309 388 4364 lloe
411 4308 477 4364 anlco
501 4307 549 4362 tilii
572 4323 731 4381 persuasum
748 4305 828 4366 halae,
852 4323 905 4361 narn
922 4305 1030 4361 tulisset
1046 4314 1185 4361 caniculam
1201 4314 1227 4360 et
1243 4323 1365 4380 asperam
1383 4305 1529 4378 Spongiam
1546 4306 1623 4361 lianc.
1634 4318 1658 4359 to

398 4388 470 4470 [st]
516 4409 563 4447 uu.
588 4392 714 4446 Proinde
736 4408 797 4446 enm
822 4394 922 4446 erraticos
944 4392 1103 4446 lacessierit
1125 4391 1246 4445 (antelmo
1269 4392 1358 4446 acidis
1379 4392 1492 4456 libellis,
1515 4406 1568 4446 nec
1585 4392 1627 4446 ul·

332 4482 377 4536 lus
399 4480 476 4533 illurn
500 4478 638 4532 larectenns
661 4492 797 4546 responso
820 4477 953 4547 ‹liprtntns
975 4479 1025 4543 sit,
1048 4483 1075 4531 et
1098 4477 1150 4531 ltoc
1165 4477 1281 4531 horroris
1294 4476 1371 4547 feret
1386 4495 1403 4530 u
1420 4477 1509 4531 veteri
1524 4478 1625 4532 amico.

334 4582 385 4621 or.
409 4564 461 4619 Seii
484 4562 562 4618 alteri
587 4562 658 4617 ieras
681 4562 730 4617 lios
754 4559 874 4617 honores
890 4562 1011 4635 postlrae.
1056 4562 1202 4617 Lacessisit
1218 4562 1347 4634 ‹piiosalam
1363 4562 1464 4635 optimc
1480 4569 1555 4617 certe
1571 4579 1628 4617 mc·

333 4651 401 4706 ritus
429 4659 456 4704 et
486 4648 630 4720 insigniter
659 4646 809 4717 lingitiosos
839 4655 866 4701 et
893 4648 1014 4722 penlitos
1045 4647 1168 4702 homines
1191 4648 1351 4701 enrtisanos.
1397 4646 1438 4701 llii
1462 4647 1563 4702 sinon
1587 4664 1629 4703 re·

334 4735 517 4810 sponalcrnnt,
541 4734 598 4788 liae
613 4749 706 4787 eattssa
724 4731 789 4792 lnit,
813 4732 940 4805 quoniam
964 4733 1027 4805 (patiti
1044 4733 1241 4806 respornlerent
1257 4748 1311 4786 non
1327 4730 1489 4793 habuerunt,
1514 4741 1562 4789 aut
1576 4745 1661 4807 pron

334 4820 460 4877 erassieie
484 4830 511 4876 et
534 4818 637 4892 ignaria
660 4834 708 4872 sna
732 4816 911 4873 rioscirerunt.

337 4953 536 4961 ——-—-——

405 5036 538 5102 ⁵sicopli.
555 5038 609 5084 1.2.
630 5042 654 5085 et
672 5038 709 5086 sie
727 5036 824 5101 ubique.
871 5034 891 5067 ¹³
910 5032 1011 5100 inquis]
1031 5032 1093 5095 §.s
1138 5032 1235 5100 “Hiil
1255 5035 1278 5083 li
1295 5037 1320 5084 3.
