3934 6034
526 680 722 732 cccxxxln.
744 696 864 731 seosots
876 696 979 731 suasim
993 696 1136 731 convensus
1149 694 1323 730 lerinenses
1336 692 1468 734 munnam.
1567 653 1640 728 303

356 851 429 915 tatl’
461 856 535 929 ataid
555 856 604 914 liic
624 856 825 913 calumniatur
840 850 1008 914 lluttenus?
1029 854 1171 913 admoneo
1192 856 1308 927 qualem
1329 857 1463 927 oporteat
1481 867 1544 909 esse
1561 866 1641 925 pon-

355 961 459 1029 tificem
480 964 509 1015 et
530 965 673 1031 qaaadenus
691 959 736 1015 itti
756 955 920 1028 saoeradum
941 959 988 1016 sil.
1033 957 1103 1015 ‘Sed
1128 957 1203 1017 dieis
1224 956 1278 1014 laoc
1296 951 1445 1028 fiprarate’.
1491 952 1569 1024 (laid
1588 971 1641 1011 re-

352 1059 418 1132 fert
438 1062 465 1118 si
484 1077 533 1118 res
553 1067 582 1118 et
603 1066 715 1134 tempus
733 1062 864 1132 ripariam
881 1057 1030 1135 postulet?
1062 1059 1118 1118 llot
1145 1075 1213 1118 uero
1233 1059 1328 1117 serato
1349 1073 1395 1116 me
1412 1073 1523 1115 sanare
1543 1071 1709 1130 possesne.

355 1162 411 1221 tras
429 1159 618 1221 discordias?
642 1165 769 1237 optarim
786 1179 890 1237 posse:
912 1162 1020 1236 quodsi
1035 1176 1165 1236 possem,
1185 1178 1243 1219 non
1260 1161 1406 1219 durarent
1420 1162 1450 1217 in
1469 1162 1641 1218 crastinum.

333 1266 417 1324 sSed
438 1263 554 1324 ‘clarina'
578 1267 673 1339 inquit
694 1271 740 1324 ‘aaa
762 1282 869 1338 cesses,
898 1266 1052 1323 annuracia
1075 1266 1189 1339 populo
1209 1266 1324 1322 scelera
1345 1262 1465 1321 eorum'.
1511 1263 1645 1321 diamari

355 1369 478 1427 tilaerins
499 1384 588 1441 ainaim
611 1385 677 1427 mea
693 1367 819 1439 fortuna
839 1365 972 1439 serebat,
999 1374 1028 1425 et
1048 1368 1111 1426 eius
1131 1371 1174 1425 est
1192 1369 1325 1425 clamare
1343 1366 1374 1422 in
1397 1366 1498 1423 atiena
1516 1372 1642 1439 peccata

355 1473 407 1544 qni
427 1474 490 1545 ipsc
511 1472 646 1530 inanimis
667 1474 704 1530 sit
725 1488 743 1529 a
763 1472 910 1545 peccatis.-
929 1486 983 1542 epo
994 1471 1122 1544 parcius
1143 1469 1270 1528 insector
1291 1470 1392 1526 aliena
1409 1474 1549 1542 peccata,
1571 1471 1642 1542 qnia

355 1574 429 1632 milit
444 1589 557 1648 aliamne
573 1576 706 1632 conscius
727 1589 791 1631 sum
809 1576 965 1632 multorum
988 1573 1193 1630 admissorum.
1239 1571 1350 1630 Clamet
1367 1570 1525 1643 Hutlenaas,
1548 1571 1631 1630 dorato
1643 1586 1709 1635 §.isi

353 1693 463 1750 purus,
486 1678 515 1733 in
539 1692 624 1750 ouem
642 1677 717 1734 nilail
736 1678 869 1734 criminis
884 1678 976 1751 possit
993 1677 1100 1749 reperi.
1144 1690 1201 1732 uon
1220 1688 1284 1732 sum
1301 1673 1421 1745 Esaias,
1443 1681 1472 1732 et
1491 1674 1540 1732 nic
1559 1674 1643 1732 inele-

322 1786 406 1838 soliar
427 1781 458 1836 ira
476 1781 619 1853 populum
640 1781 790 1846 clamare,·
818 1777 962 1837 llntlenus
982 1794 1028 1836 me
1049 1777 1126 1835 iudet
1145 1780 1279 1835 clamore
1305 1779 1335 1835 in
1357 1777 1525 1850 principes,
1554 1791 1642 1849 quma

354 1884 496 1955 scriptum
518 1883 556 1938 sil
577 1881 722 1956 ‘Principi
736 1884 845 1956 populi
863 1885 906 1940 tui
922 1898 980 1939 uon
1002 1875 1188 1938 maledices’:
1214 1881 1317 1951 mapu·
1336 1878 1433 1950 refert
1452 1885 1549 1937 utrum
1571 1879 1644 1938 deus

351 1986 516 2058 poraceipiat
538 1983 638 2041 Esoiee
659 2000 699 2040 aare
722 1983 868 2042 Huttenns
891 1983 1032 2056 Erasmo,
1055 1984 1162 2041 claoiu.
1205 1989 1248 2039 est
1270 1987 1367 2039 autem
1388 1984 1502 2040 clamor
1521 1982 1643 2054 quidam

355 2088 481 2158 insilias,
503 2088 555 2160 qui
570 2085 644 2143 nillil
659 2086 744 2144 aliaad
763 2103 852 2158 auram
870 2088 1010 2144 tumultus
1027 2087 1139 2144 excitat
1157 2090 1187 2142 et
1202 2086 1285 2142 iritat
1303 2084 1501 2158 tyrannidem.
1547 2085 1632 2142 Atio-
1644 2094 1711 2144 lass.

355 2192 408 2261 aui
427 2205 464 2247 ne
488 2205 567 2246 rannac
588 2187 705 2260 quidem
725 2204 806 2247 cesso
827 2192 960 2248 clamare
981 2191 1012 2247 in
1033 2187 1151 2260 scriptis
1172 2188 1257 2257 meis,
1278 2194 1420 2260 quatenns
1433 2203 1500 2260 spes
1513 2194 1556 2245 est
1567 2203 1643 2261 pro-

322 2292 494 2363 mactandi,-
516 2293 611 2349 ctomo
630 2292 718 2349 etiam
741 2292 811 2349 dum
833 2291 928 2350 scribo
944 2291 1172 2366 paraphrases:
1196 2289 1269 2362 quid
1284 2291 1361 2347 enim
1380 2298 1424 2348 est
1441 2290 1528 2347 aliud
1549 2307 1643 2348 euari-

354 2396 429 2466 aelii
447 2396 502 2452 iun
523 2409 612 2467 qnam
637 2394 813 2465 redorputio
833 2401 1003 2452 nostrarum
1024 2390 1235 2454 tenebrarum?
1254 2392 1419 2467 Eupendat
1437 2393 1492 2451 lmc
1513 2395 1644 2467 quisquis

356 2499 469 2569 inlcper
490 2502 546 2568 est,
574 2502 671 2554 utram
690 2498 760 2570 plus
782 2498 914 2555 utilitatis
932 2496 1079 2569 adferant
1099 2496 1251 2555 Huttenici
1267 2498 1429 2567 clamores,
1451 2512 1491 2553 au
1514 2512 1579 2555 men
1597 2499 1643 2555 si-

354 2600 455 2656 lentia.
504 2597 561 2656 tsot
581 2607 659 2657 aero
673 2597 760 2670 defui
779 2600 951 2673 reipublicae
973 2600 1163 2671 Christianae,
1190 2602 1218 2658 si
1236 2601 1320 2658 licuit
1336 2594 1501 2672 prodesse?
1532 2609 1711 2672 arian-§.m

356 2717 444 2773 quarm
459 2702 614 2774 principes
637 2717 691 2759 nec
710 2716 729 2757 a
750 2704 849 2774 aaronis
868 2701 1025 2775 obiurpari
1043 2705 1199 2761 sustinent:
1219 2718 1289 2760 nom
1307 2701 1341 2759 id
1358 2704 1559 2776 episcoporum
1574 2720 1643 2762 naia-

321 2820 347 2860 20
358 2820 414 2860 ratas
436 2810 495 2870 est,·
518 2812 605 2878 atquae
626 2803 659 2860 id
674 2806 807 2862 ceraunii
828 2806 905 2862 elam
920 2806 991 2876 lieri
1006 2807 1105 2878 polinas
1123 2820 1212 2879 qaaam
1228 2805 1311 2880 apud
1320 2806 1474 2877 populum.
1519 2808 1577 2864 Ant
1595 2811 1647 2868 cui

358 2922 442 2964 saarno
463 2906 515 2963 lios
537 2906 653 2964 labores
675 2915 791 2980 prater
818 2910 913 2966 a’latis
934 2897 977 2965 ’are
1000 2907 1175 2966 ualetudinis
1196 2901 1361 2965 rationem?
1391 2908 1435 2964 ‘Si
1453 2908 1634 2982 componere’
1646 2918 1713 2968 inm.

357 3010 453 3082 inquit
487 3007 594 3066 ‘studes
625 3010 701 3066 inter
727 3015 833 3081 partes
860 3010 1066 3082 concordiam,
1097 3026 1174 3083 quur
1206 3012 1331 3068 atteram
1356 3017 1475 3082 partem
1508 3016 1647 3071 atrociter

356 3106 544 3185 impnpnasl’
567 3111 631 3169 Imo
654 3112 713 3169 alio
733 3112 796 3169 loco
815 3112 893 3168 dinit
912 3111 1050 3184 Mettum,
1075 3120 1104 3170 et
1123 3129 1203 3170 laurac
1225 3114 1268 3169 oit
1287 3128 1333 3169 me
1354 3114 1418 3170 totis
1438 3114 1548 3172 viribus
1565 3115 1649 3187 scrri

358 3218 387 3272 in
417 3217 543 3273 alteram
568 3220 698 3288 poariam.
746 3212 803 3271 llln
827 3229 895 3271 uero
913 3217 1068 3274 commissa
1094 3222 1138 3274 cst
1157 3216 1223 3274 lame
1238 3208 1368 3288 papan?
1395 3220 1507 3273 laritaam
1526 3219 1556 3275 iu
1578 3220 1646 3293 epi-

324 3320 436 3376 isslnlo
462 3318 505 3375 ad
530 3316 695 3376 Laanrinnm
724 3317 867 3375 aduersus
891 3317 1034 3390 qnamdam
1060 3334 1188 3377 morosos
1212 3317 1285 3377 anilii
1310 3320 1355 3375 ius
1384 3316 1514 3390 uindico,
1547 3322 1575 3377 si
1597 3337 1646 3378 res

356 3421 399 3476 ita
422 3421 564 3494 postulet,
593 3435 691 3476 sacree
718 3421 877 3494 scripturae
901 3422 1069 3479 testimoniis
1092 3437 1130 3479 ac
1156 3420 1258 3479 solidis
1285 3419 1448 3478 rationibus
1472 3423 1550 3480 citra
1571 3437 1645 3480 aon-

356 3523 426 3579 oitia
454 3522 669 3594 conprediendi
690 3538 756 3580 cuni
777 3522 915 3581 Lutlaero.
960 3522 1000 3581 Et
1028 3525 1161 3596 queritur
1182 3523 1258 3581 illud
1275 3522 1432 3594 Haltemas,
1459 3524 1540 3595 oraod
1559 3540 1632 3583 con·
1645 3536 1714 3587 loss

356 3625 431 3681 uitiis
458 3631 487 3681 et
513 3624 691 3682 clamoribus
720 3625 870 3684 duntaxat
897 3633 1007 3698 capalur
1035 3642 1100 3684 caam
1122 3625 1259 3684 Lulliero
1306 3624 1387 3694 Qaaur
1408 3628 1499 3698 iaitnr
1524 3629 1567 3686 sic
1588 3628 1645 3686 de-

355 3726 520 3785 bacelaatnr
550 3728 581 3784 in
608 3743 674 3785 eum
703 3729 755 3799 oali
776 3729 936 3802 pollicetur
965 3745 1010 3799 se,
1041 3731 1069 3787 si
1097 3729 1241 3802 conpredi
1264 3729 1332 3785 uelit
1355 3744 1421 3785 carm
1450 3728 1593 3801 luthero,
1625 3747 1645 3788 a

320 3829 533 3889 sociamorilns
559 3837 587 3888 et
611 3831 743 3887 connitiis
770 3838 1015 3904 temperaturum,
1044 3848 1082 3889 ac
1105 3831 1209 3889 sedato
1237 3832 1393 3889 collatione
1414 3836 1525 3889 tatnlnm
1547 3850 1645 3891 sacrm

355 3934 514 4005 scripturae
535 3933 704 3991 testimoniis
724 3942 752 3991 ct
774 3933 937 3991 rationibus
958 3936 1035 3991 aeris
1056 3930 1217 3992 acturam?
1247 3933 1323 3991 riiliit
1349 3936 1426 3992 euim
1455 3935 1541 3993 aliud
1568 3951 1645 4009 pro-

354 4036 434 4105 misi,
458 4041 487 4092 et
509 4042 606 4092 tamen
628 4035 683 4094 troc
705 4039 746 4093 ita
766 4039 902 4109 promisi,
925 4042 957 4094 nt
978 4037 1051 4095 satis
1072 4036 1253 4094 ostenderem
1275 4051 1320 4094 me
1339 4051 1397 4094 non
1413 4034 1569 4107 facturum
1588 4041 1646 4096 nisi

354 4144 469 4195 ostensa
486 4154 540 4210 spe
559 4140 744 4212 proficiendi.
789 4139 864 4197 Nam
886 4140 966 4211 quod
986 4140 1017 4197 in
1031 4138 1155 4197 Lratlaeri
1174 4140 1294 4212 scriptis
1315 4138 1441 4210 offendit
1461 4155 1506 4197 me
1528 4142 1633 4199 irnmo-
1645 4154 1712 4205 §.nm

354 4239 423 4297 dica
445 4241 653 4299 maledicentia
675 4251 704 4299 et
724 4244 909 4313 orroaamtiae
930 4244 1056 4316 species,
1084 4242 1195 4300 eaedem
1218 4258 1267 4299 res
1288 4241 1444 4313 offendunt
1469 4245 1557 4300 etiam
1582 4242 1646 4303 illos

319 4344 408 4415 ssqni
431 4340 560 4401 Latiaero
593 4352 663 4402 siant
694 4347 876 4403 ilaraata'ssirni.
921 4363 975 4404 nee
1007 4346 1041 4404 id
1071 4345 1255 4402 dissimulari
1279 4346 1406 4403 Coloniae
1439 4346 1524 4418 apud
1550 4348 1647 4420 ipsum

354 4443 499 4502 Sauonim
530 4445 633 4504 ducem
657 4446 848 4516 Federicnm,
881 4448 1020 4505 audiente
1049 4447 1173 4520 Gearpio
1195 4446 1365 4521 Spalatino,
1397 4462 1486 4520 auum
1517 4450 1645 4507 raondum

354 4549 464 4605 exisset
484 4548 569 4620 atpaad
591 4564 643 4607 nos
660 4551 820 4623 t'aptieitus
835 4548 1029 4623 Babylonica.
1064 4565 1236 4623 responsum
1257 4560 1301 4608 est
1320 4565 1386 4609 earm
1408 4552 1438 4608 in
1461 4552 1647 4609 concianaitns

355 4665 393 4708 aae
411 4651 651 4724 praelectionibus
673 4669 735 4710 esse
757 4654 1039 4711 ariaaisaaetissimum:
1069 4654 1190 4724 paruistis
1217 4669 1281 4711 sum
1302 4661 1332 4711 et
1356 4653 1505 4726 laudaui,¹
1529 4654 1646 4712 addens

358 4806 557 4814 ——n

420 4887 797 4954 ³Ubi]ef.Expost.§.183.
850 4886 1177 4954 ³inq.]Expost.§.18-l.
1229 4888 1454 4957 ’Esaalxutt
1502 4891 1522 4925 ¹¹
1536 4890 1642 4958 script]

356 4975 439 5023 Exanl.
452 4976 540 5024 XXII.
554 4973 596 5024 28.
643 4975 664 5006 ²²
684 4970 783 5039 inquit]
802 4973 850 5022 soal
870 4973 933 5023 aliis
951 4976 1044 5026 vorbis
1058 4977 1169 5041 Expost.
1183 4978 1206 5037 5.
1220 4975 1278 5028 232.
1326 4976 1348 5009 ‘³
1367 4977 1423 5027 alio
1441 4976 1512 5044 loco]
1532 4980 1644 5045 Expost.

354 5064 377 5122 ὅ.
391 5061 449 5112 llo.
506 5060 535 5092 ²⁷·
543 5060 568 5092 ²³⁴
577 5060 599 5091 ³⁰
618 5062 723 5132 caninio.
743 5062 800 5109 M.
