3934 6034
263 692 380 745 CCCXI.
388 708 509 743 sursunt
520 707 556 742 sn
565 663 646 742 veran.
654 708 696 741 ur.
710 691 843 744 eccxn.
851 707 988 742 annuerat
1000 706 1037 741 an
1048 699 1370 742 scuwsnr..sr.n.t.1rn.
1381 696 1439 737 lata.
1470 672 1544 746 249

263 870 312 924 stri
343 910 772 923 ...................
802 868 863 924 Scio
886 866 1053 941 colloquium
1081 867 1106 923 ei
1136 883 1191 921 rum
1220 867 1294 929 lore:
1321 873 1411 922 tamen
1439 866 1462 921 si
1485 883 1546 940 spe·

261 955 374 1010 catenulas
398 973 444 1010 ros
468 954 611 1028 praebeatis
634 962 662 1008 et
684 954 827 1013 lutrnauus.
855 954 907 1009 erit
929 971 960 1008 aa
983 952 1073 1008 allicio
1096 959 1195 1007 restro.
1240 951 1373 1008 Francisci
1400 951 1544 1025 Sicltingen

263 1040 320 1095 lieri
350 1039 437 1095 erudiri
466 1048 492 1095 et
516 1038 568 1113 legi
590 1057 678 1094 voratu
702 1047 729 1094 et
751 1038 931 1094 miserabilem
953 1038 1102 1094 historiam.
1146 1037 1215 1093 {leus
1238 1037 1325 1092 iustus
1347 1037 1393 1092 sed
1416 1035 1545 1092 nrirubilis

262 1126 348 1181 uulex.
393 1124 464 1180 Vale.
1253 1122 1328 1178 blant.
1351 1122 1460 1179 Lutlrer.

885 1392 913 1450 3.

678 1530 868 1599 [ronanus
892 1530 1131 1601 coeranus]

348 1653 391 1708 Dc
413 1670 468 1724 paco
491 1652 649 1722 scripserat
677 1652 784 1707 occulte
811 1653 850 1707 ad
880 1652 1005 1707 Utricum
1029 1651 1186 1707 Hulleaum
1217 1668 1299 1707 sarram
1323 1653 1480 1716 Lulberus.
1514 1668 1545 1709 se

259 1742 327 1812 plus
349 1739 527 1809 confidentiae
549 1752 619 1808 erpa
641 1738 719 1791 illum
739 1751 841 1808 perere
864 1738 1055 1808 maioremque
1077 1739 1106 1791 in
1128 1752 1161 1791 eo
1175 1752 1255 1807 spem
1271 1738 1376 1793 babere
1392 1756 1477 1810 quem
1492 1739 1543 1794 ta-

262 1828 325 1880 beat
347 1827 376 1879 in
400 1826 455 1879 ullo
477 1824 528 1878 sub
551 1824 620 1877 ceto
639 1824 809 1893 principem.
854 1822 961 1878 Dolens
981 1838 1049 1894 erpo
1071 1822 1216 1878 Lutlwrus
1238 1824 1391 1880 Francisci
1411 1826 1544 1880 eliorum·

228 1927 317 1983 ioque
340 1911 488 1974 nobilium,
512 1909 562 1980 qui
583 1910 706 1963 maxime
728 1907 895 1979 Eaarapelici
914 1908 1096 1974 dicebantur,
1119 1924 1232 1975 casum,
1256 1916 1358 1966 nactus
1377 1925 1417 1964 car
1431 1912 1544 1966 decreto

263 1996 494 2066 Nureubcrpensi
515 1994 669 2049 ‹cauillandi
688 1995 876 2059 occasionem,
897 1991 1098 2064 furiosissimis
1119 1995 1247 2050 convitiis
1268 1997 1297 2051 iu
1318 1996 1465 2067 principes
1486 1997 1543 2051 oin-

261 2083 343 2137 diclae
366 2082 480 2135 libidine
501 2079 692 2136 debacchatus
714 2086 763 2133 est.

260 2263 416 2315 CCCX1.3.
454 2264 491 2313 10.
512 2261 655 2312 Coclrlaeus
680 2262 799 2327 inuisa.
820 2262 853 2311 do
873 2262 945 2311 netis
969 2267 998 2310 ol
1015 2277 1068 2310 scr.
1087 2262 1169 2311 Mart.
1188 2263 1304 2314 Lutheri
1328 2263 1363 2313 ad
1386 2280 1448 2314 sun.
1471 2264 1543 2315 1524.

683 2371 691 2388 ·
714 2348 801 2397 Puris.
819 2346 890 2396 1565.
909 2345 945 2395 8⁰.
966 2347 1014 2397 t'ol.
1027 2345 1083 2395 86⁵.

788 2618 1011 2634 --·*—

228 2797 251 2837 ¹³
279 2779 472 2840 saoconna(
688 2787 692 2795 '
808 2772 996 2849 CCCXII.
1363 2802 1384 2842 s-
1397 2808 1454 2842 1vs.
1469 2799 1525 2841 ¹⁵²³·

710 2948 868 3005 uteutavs
891 2949 1090 3006 uetustius

789 3050 912 3091 orrruo
936 3052 1013 3092 vrso

719 3132 845 3182 lOANNt
864 3132 1083 3183 SCHWEBLIN

422 3219 664 3261 cuucronsronr
688 3220 962 3261 nrronr1rnsrn1
987 3222 1020 3262 lu
1044 3218 1183 3261 cun1sro
1208 3220 1381 3262 caussasse

222 3352 247 3389 2’0
342 3344 367 3397 S.
392 3342 417 3396 in
440 3340 546 3396 Christo
569 3339 636 3395 lesu.
680 3340 904 3413 Non-potuisses
932 3342 1059 3397 nuncium
1087 3349 1162 3397 tuum
1191 3340 1244 3397 alio
1268 3349 1390 3416 tempore
1412 3341 1543 3418 intempe-

257 3428 352 3482 stivius
375 3427 481 3482 misisse
510 3424 542 3479 ad
571 3442 634 3484 nos.
664 3426 735 3498 quod
757 3425 891 3499 Haganuae
920 3426 955 3481 sit
977 3425 1196 3499 Wolllgangulus
1224 3434 1330 3488 noster,
1359 3436 1386 3482 ot
1415 3428 1542 3485 maiorem

257 3532 288 3568 uc
310 3512 444 3586 potiorem
467 3518 571 3584 partun
595 3509 725 3565 librorum
748 3529 858 3566 suerunt
882 3527 971 3567 seeuur
995 3512 1130 3585 acceperit
1154 3554 1419 3567 ............
1443 3512 1543 3570 Edetur

256 3598 337 3654 etiarn
360 3594 541 3670 expostulatio
558 3594 682 3657 bettoni,
705 3595 804 3670 scripto
827 3596 907 3652 etiarn
930 3594 1060 3652 nonnulla
1082 3595 1183 3652 Erasini
1205 3605 1233 3651 et
1252 3596 1362 3653 Lutlaeri
1385 3599 1418 3654 ad
1439 3598 1543 3655 ludaeos

256 3681 365 3738 libellus
392 3680 573 3737 doctissimus.
618 3680 765 3753 prodibunt
795 3689 821 3736 ct
849 3680 899 3737 alia
930 3699 990 3755 quaa
1017 3690 1079 3737 aruc
1107 3698 1206 3754 pransos
1233 3681 1291 3736 dies
1313 3682 1482 3756 Witteberga
1510 3684 1542 3739 ut

222 3779 309 3824 ttnos
337 3775 467 3823 venerunt
483 3807 700 3820 ..........
728 3766 860 3822 Novarum
888 3784 978 3823 rerum
1002 3766 1067 3821 alias
1090 3766 1155 3821 nibil
1179 3766 1273 3822 babeo.
1318 3767 1435 3824 bucerus
1458 3769 1543 3825 voluit

257 3871 331 3909 sacra
355 3851 504 3926 praelegere
531 3850 633 3906 civibus
662 3851 778 3913 nostris.
807 3851 854 3907 sed
876 3852 928 3908 hoc
950 3851 975 3908 ci
997 3852 1158 3925 denegatum
1181 3870 1195 3907 n
1217 3860 1327 3907 senatu:
1351 3871 1411 3909 uam
1433 3862 1542 3909 senatus

256 3938 367 3995 timebat
389 3938 420 3993 ad
445 3935 589 3993 tumultum
613 3954 668 3991 reru
691 3944 828 4010 spectare,
852 3937 923 4011 quod
946 3937 1142 4011 propemodum
1158 3936 1235 3993 multi
1257 3937 1289 3993 ad
1311 3955 1368 3994 euni
1391 3956 1448 3995 rem
1469 3957 1542 3996 cona·

256 4031 439 4079 morerentur.
483 4022 538 4077 Una
568 4040 611 4076 res
639 4021 776 4077 lrorninnrn
805 4021 950 4096 plurimum
982 4022 1069 4077 obest.
1114 4023 1166 4078 scis
1195 4022 1274 4078 ctiam
1304 4031 1433 4097 quantuni
1456 4024 1541 4080 adhuc

256 4116 383 4183 stupeant
407 4105 483 4163 multi
511 4107 543 4162 ad
566 4107 634 4162 hauc
654 4106 814 4162 novitatem:
837 4106 873 4162 ita
896 4107 966 4163 enirn
989 4106 1134 4163 ailversarii
1156 4107 1379 4180 interpretantur.
1423 4109 1462 4164 'lu
1484 4126 1540 4164 reru

221 4193 389 4265 saevangelii
418 4200 522 4248 mature
549 4200 577 4247 et
603 4190 739 4266 patienter
762 4199 874 4254 tractes,
903 4209 936 4247 ne
964 4192 1056 4248 statim
1083 4191 1116 4247 ab
1144 4191 1221 4248 initio
1243 4192 1332 4249 vinum
1354 4192 1420 4249 velis
1442 4211 1542 4268 propo·
1630 4253 1634 4259 ,

255 4297 334 4341 nere,
358 4296 418 4335 cum
442 4276 482 4334 lac
504 4278 621 4332 nonduin
645 4276 778 4332 biberint:
801 4277 827 4333 id
851 4277 922 4350 quod
944 4276 1067 4351 pluribus
1090 4277 1218 4334 {roclenus
1240 4278 1365 4334 nocuisse
1387 4278 1463 4334 video

256 4405 474 4418 ..........
498 4361 561 4417 Vale
585 4360 746 4418 felicissime.
781 4361 946 4435 Argentinae.
969 4361 999 4416 V.
1022 4369 1085 4437 post
1107 4362 1237 4437 Corporis
1259 4361 1367 4419 Christi.
1383 4363 1407 4418 bl
1422 4364 1440 4418 b
1454 4363 1540 4420 xxttt.

814 4496 978 4504 .—--.——.

254 4547 386 4598 ccextt.
423 4545 555 4596 Centurio
574 4562 635 4610 epp.
655 4544 690 4594 ed
708 4545 766 4594 loa.
785 4543 937 4594 Schwabel.
957 4560 1040 4611 snpra
1062 4545 1099 4594 n⁰.
1119 4561 1217 4595 cccxx.
1237 4545 1369 4596 indicate.
1389 4562 1414 4612 p.
1433 4545 1538 4597 40...48.

833 4628 870 4676 n⁰.
885 4644 954 4678 xvar.

252 4788 254 4791 >
319 4769 329 4799 ⁷
349 4766 410 4833 quo]
431 4767 582 4817 Franciseo
601 4767 634 4816 do
654 4766 814 4831 Sickingen.

318 4853 338 4885 ²¹
358 4851 481 4919 wolffg]
501 4852 596 4917 ungu.

717 5015 1018 5035 --------
1045 5019 1066 5023 -“
