3934 6034
532 703 728 755 (tccxxxnl.
749 720 867 755 ssorum
881 720 982 755 suasus
997 719 1138 754 sovuusvs
1152 717 1323 752 ssesususss
1337 716 1468 752 susumus.
1568 687 1641 759 285

360 879 427 947 puis
442 878 614 935 minutioris
628 874 769 936 aulisles?
789 878 866 934 liouc
880 877 998 934 lotidem
1013 877 1058 932 illi
1071 877 1174 948 prelum
1189 874 1363 943 tribuebam,
1378 876 1538 932 etiamtum
1554 893 1641 948 quum

361 981 490 1036 riureime
502 978 634 1050 [erueret
648 982 724 1037 iuler
743 995 794 1036 uos
808 981 941 1036 simultas
947 999 957 1043 ,·
973 988 1003 1034 et
1022 993 1110 1049 quium
1131 977 1251 1048 quoidam
1268 978 1380 1048 liapuec
1393 975 1508 1035 lutosa
1520 979 1640 1051 prinei-

359 1087 461 1152 putum
479 1082 551 1138 milii
566 1082 741 1140 tribuerent.
762 1084 850 1139 etiam
865 1081 944 1137 lioue
965 1079 1084 1136 laudem
1104 1080 1222 1136 inimico
1241 1079 1315 1135 cessi
1335 1080 1478 1138 iuimicus.
1513 1081 1632 1138 Plenius
1644 1091 1708 1140 iuss.

361 1183 444 1239 illiue
459 1184 594 1240 laridaoit
609 1183 753 1241 Hutleaus
767 1186 797 1240 ιἰι
815 1184 937 1256 epistola
955 1197 1014 1253 qua
1031 1182 1148 1252 lupulae
1163 1183 1260 1250 illum,
1276 1179 1406 1237 scriberis
1419 1196 1450 1237 se
1465 1181 1563 1240 dolere
1580 1199 1643 1240 esse

340 1285 391 1339 siu
407 1301 441 1340 eo
457 1287 536 1355 oriar!
553 1287 599 1343 illi
612 1286 788 1343 invideatur.
822 1284 898 1354 (laist
911 1285 1070 1358 speciosius
1088 1282 1146 1340 lma
1164 1282 1253 1339 laude
1269 1281 1307 1339 ob
1327 1281 1407 1339 lioste
1427 1281 1511 1354 datr,
1532 1300 1594 1343 esse
1611 1288 1641 1342 ιἰι

362 1386 512 1443 ,ιιιιιιιιιΙιιι
534 1387 699 1444 elarlriuum
723 1387 834 1444 irioietiu
858 1381 1000 1458 elianam?
1024 1402 1078 1456 epo
1104 1392 1183 1442 cerie
1202 1383 1382 1441 moderatius
1404 1385 1485 1442 illum
1503 1386 1641 1444 laudari:

360 1494 449 1558 (etoile
471 1488 526 1546 Illic
545 1488 667 1547 llutleui
693 1489 730 1547 cle
756 1505 787 1545 se
810 1489 999 1561 prmcoaium
1022 1486 1171 1543 Alearuler
1188 1485 1271 1558 apuli
1288 1501 1334 1543 me
1354 1487 1482 1544 iactauit.
1529 1487 1629 1546 llieum
1643 1503 1707 1550 §.sss

359 1590 484 1659 imperiae
501 1592 580 1661 orroei
595 1593 701 1648 seatio:
723 1599 755 1648 ut
770 1592 894 1664 pessime
910 1590 1030 1646 meritus
1048 1598 1090 1647 est
1105 1588 1142 1646 ele
1162 1604 1207 1646 me
1223 1589 1382 1645 scelerosus
1399 1589 1448 1645 ille
1463 1591 1515 1660 oui
1528 1592 1641 1648 Aleua-

360 1689 446 1747 elrum
464 1693 492 1747 ιἰι
517 1708 562 1749 me
583 1694 708 1763 iritouit,
739 1693 779 1749 ita
798 1691 898 1749 letheus
922 1693 989 1748 latis
1011 1692 1100 1748 <traici
1113 1691 1322 1764 possessionem
1339 1693 1541 1764 re’eeiperorim
1559 1694 1585 1748 si
1600 1695 1642 1749 li-

327 1808 351 1846 m
361 1800 427 1847 reiut
434 1838 440 1860 ,
468 1810 505 1850 ue
533 1797 677 1852 turitulum
704 1793 821 1865 ouieieai
848 1793 886 1850 alr
915 1794 964 1850 illo
989 1809 1097 1850 reuaus
1117 1791 1268 1851 commodi.
1313 1789 1376 1848 lloc
1395 1807 1482 1863 osirim
1504 1793 1579 1850 uiliit
1600 1795 1643 1850 uel

360 1892 482 1951 lsellieri
497 1898 648 1967 aepoeium
665 1898 828 1970 pertineat,
845 1895 975 1967 qualest
996 1895 1077 1966 quael
1094 1895 1228 1966 queritur
1246 1889 1412 1951 llutteuus?
1433 1893 1491 1950 l’er
1508 1909 1553 1950 me
1574 1897 1643 1952 lieet

359 1996 405 2052 illi
418 1996 512 2054 otiisse
528 1998 708 2055 Ateoruirum
728 2003 868 2069 quonium
886 1998 966 2054 uolet.
1012 1997 1107 2054 Porro
1128 2012 1196 2068 quea
1216 1996 1319 2052 scribit
1336 1994 1494 2064 uarietas,
1516 1994 1581 2053 ‘Ille
1602 2003 1629 2054 le
1641 2015 1707 2063 §.us

361 2105 452 2155 ‘auriol
467 2102 568 2169 unire,
591 2101 671 2157 illum
690 2106 719 2157 tu
742 2100 879 2158 dilectum
900 2099 1000 2167 iales,
1022 2114 1088 2156 cum
1111 2099 1161 2155 illo
1182 2099 1312 2155 suaviter
1331 2099 1401 2154 uiris
1418 2106 1446 2154 et
1467 2100 1496 2154 iu
1514 2098 1640 2156 nauum

361 2201 546 2273 ίιιιιιιιιιίιιιιιιι
566 2209 677 2259 noctem
696 2202 839 2274 producis
855 2203 989 2258 lileratas
1008 2199 1149 2271 sabulos·
1168 2202 1255 2257 eliam
1278 2201 1412 2257 converit
1428 2200 1504 2257 iuter
1526 2218 1588 2271 ros,
1611 2207 1642 2257 ut

327 2301 491 2359 nulloruam
515 2306 588 2370 escitis
612 2300 690 2372 reiio',
712 2305 804 2376 ipsius
829 2311 1019 2362 commeatum
1045 2309 1102 2372 est,
1127 2318 1183 2360 riou
1206 2317 1271 2369 meu
1293 2318 1366 2358 roe:
1392 2303 1496 2359 etenim
1519 2318 1586 2374 qua¹
1609 2305 1639 2359 iu

359 2406 481 2477 e’pisteila
502 2406 545 2462 uu
564 2405 729 2462 Lauriotim
755 2420 944 2463 commemoro
966 2405 1004 2462 ele
1030 2403 1239 2462 cousuetudine
1265 2418 1331 2460 eum
1350 2404 1514 2467 Aleaaelro.
1541 2408 1639 2462 aurisia

359 2508 388 2561 ιἰι
407 2506 462 2564 lioc
481 2508 707 2580 producuntur,
730 2524 785 2565 aori
804 2518 835 2565 ut
854 2508 1053 2582 persuadeam
1070 2521 1210 2578 acapnum
1231 2505 1303 2562 milei
1324 2521 1390 2563 mem
1411 2508 1461 2564 illo
1481 2524 1543 2563 esse
1561 2509 1639 2563 euru-

358 2609 471 2678 citiam,
496 2609 549 2667 secl
574 2616 607 2667 ut
626 2610 769 2667 adsersus
787 2626 835 2668 eos
853 2611 904 2681 oui
924 2625 1020 2668 meam
1033 2607 1249 2682 prosectionem
1268 2606 1376 2678 lupam
1397 2624 1459 2665 esse
1480 2608 1638 2679 iactabant,

359 2710 492 2767 docerem
510 2727 554 2768 me
567 2714 670 2785 polam
689 2720 717 2769 el
737 2712 868 2770 omuibus
887 2714 1011 2770 consciis
1028 2711 1131 2769 obisse.
1175 2710 1240 2767 lum
1255 2712 1336 2781 stupe
1359 2708 1391 2767 ia
1410 2711 1489 2781 qiuari
1505 2726 1561 2780 aaa
1576 2718 1626 2782 est,
1639 2731 1705 2780 ιιιι,

324 2825 404 2868 course
424 2813 575 2870 Aleuaelro
596 2817 672 2872 mate
694 2816 801 2871 uolenti
820 2816 897 2871 male
920 2815 1005 2883 selle,
1032 2814 1086 2872 sed
1107 2814 1259 2870 simulasse
1282 2812 1440 2869 amicitiam
1464 2827 1520 2884 quo
1542 2814 1640 2870 miuus

357 2914 488 2984 luderet,
509 2922 595 2987 utque
616 2915 674 2973 liae
696 2918 792 2989 speeie
814 2915 958 2987 tlicotopos
976 2915 1118 2987 quostiam
1138 2915 1236 2971 amaia
1254 2915 1401 2970 risolieutes
1419 2928 1638 2986 compescerem,

358 3032 396 3071 au
420 3017 492 3073 mila
508 3018 712 3090 iaeiipaalriiur
727 3017 872 3076 Hutleuus
886 3018 914 3074 si
930 3015 1058 3087 oosricie
1075 3017 1151 3073 uulti
1164 3016 1256 3072 moria
1271 3030 1344 3073 meae
1363 3015 1453 3072 saluti
1466 3012 1640 3074 consulam?

357 3117 434 3174 Erat
455 3118 578 3176 meursii
597 3119 732 3191 furiosus
754 3120 873 3191 putidam
892 3119 1077 3192 praedicator
1097 3118 1175 3175 mira
1191 3124 1469 3175 commemoraturus
1488 3117 1525 3174 ele
1544 3132 1590 3174 me
1608 3134 1627 3174 a
1639 3132 1705 3182 suu.

355 3221 499 3293 prandio,
516 3222 548 3279 iel
563 3223 638 3278 enim
654 3222 876 3296 promiseratis
891 3223 1030 3278 ‹toaciaae
1045 3221 1207 3286 matutina·
1224 3218 1374 3276 Aleoaeler
1391 3234 1410 3275 a
1426 3235 1472 3276 me
1489 3218 1639 3276 submoui-

323 3335 403 3379 2s=lus
424 3325 510 3380 misso
532 3326 639 3380 amulo
666 3325 803 3396 imposuit
821 3323 933 3380 leomiai
952 3324 1113 3390 silentium,
1140 3324 1250 3392 alioque
1276 3320 1487 3393 improbissimo
1512 3319 1638 3380 rabula.

357 3425 421 3495 oreis
449 3440 506 3482 ιιοιι
528 3425 719 3497 prodeatiom
748 3427 878 3498 appellet
899 3426 996 3498 polius
1021 3426 1109 3483 etiam
1131 3424 1257 3480 inimicis
1277 3422 1359 3481 abuti
1385 3423 1426 3480 oei
1449 3438 1512 3481 rem
1536 3419 1639 3482 mum?

358 3528 427 3597 pala
453 3527 590 3598 tlieolopis
619 3527 791 3597 quituselam
815 3529 934 3585 multum
961 3525 1092 3583 subsedit
1116 3528 1281 3582 animorum
1305 3541 1344 3581 es
1371 3526 1423 3581 illa
1450 3530 1550 3582 nostra
1578 3534 1637 3583 lum

356 3636 441 3685 ructo
466 3628 675 3698 familiaritate
698 3644 866 3701 paucarum
893 3628 1018 3686 alierum.
1063 3627 1153 3700 Atqui
1172 3628 1203 3683 ιἰι
1220 3626 1351 3685 omnious
1377 3629 1528 3699 colloquiis
1551 3628 1705 3693 odessus.

356 3730 430 3788 ailiit
449 3730 559 3789 dicium
579 3738 622 3788 esl
641 3731 783 3789 adeersus
799 3729 972 3800 Hutleuum,
995 3734 1028 3787 ut
1048 3730 1126 3787 iltius
1148 3743 1251 3786 uersam
1267 3736 1295 3785 et
1316 3730 1463 3800 inpertiam
1482 3732 1638 3801 mopm'fire

322 3843 348 3883 so
354 3832 549 3904 praeliemini
566 3833 650 3906 opud
668 3834 869 3892 t'oroceialom
891 3839 920 3889 et
939 3831 1121 3890 Atearielrum
1143 3831 1345 3903 inelipaoatem
1367 3838 1526 3904 utrunque,
1549 3832 1638 3904 itique

351 3941 420 4007 posl
435 3936 588 3992 concilium
606 3935 835 4005 ll'mmocieuse,
855 3949 943 4006 orcum
963 3949 1012 3991 res
1024 3932 1145 3990 llutteui
1156 3934 1227 3990 satis
1241 3940 1330 3990 eram
1341 3935 1533 3991 exulceratae.
1566 3933 1627 3992 Po·
1639 3944 1706 3993 ssu.

355 4043 461 4094 stremo
485 4044 582 4094 ummo
609 4042 652 4094 est
676 4039 801 4111 propius
825 4036 1005 4094 larmaaitatl
1029 4034 1188 4104 honorilice
1213 4034 1344 4093 scribere
1365 4035 1402 4094 ele
1419 4036 1558 4106 inimicis,
1583 4052 1640 4108 quo

356 4140 518 4209 aritiaeums
540 4140 657 4197 illorum
678 4139 792 4209 octium,
822 4155 861 4195 αιι
893 4145 951 4195 tam
973 4139 1131 4195 virulentas
1148 4142 1179 4192 et
1194 4138 1264 4209 ptum
1286 4153 1374 4209 quam
1394 4137 1510 4195 liostites
1530 4138 1640 4195 liliellos

355 4241 499 4307 seribere,
523 4242 639 4311 qualem
659 4239 804 4299 llutterms
821 4241 941 4313 scripsit
959 4242 990 4296 ia
1007 4240 1132 4298 amicum
1154 4244 1184 4295 et
1200 4237 1411 4297 benevolentem
1430 4248 1460 4296 et
1477 4238 1642 4297 lieiiemeri-¹

319 4353 345 4390 ss
356 4351 415 4398 ιιιιιι
429 4349 458 4398 el
475 4341 546 4399 leue
567 4343 675 4398 mereri
692 4337 877 4415 cupientem?
899 4340 1034 4398 Nomium
1052 4343 1122 4411 fiais
1140 4342 1311 4411 eriminum,
1333 4341 1388 4399 sed
1405 4342 1434 4398 ia
1450 4343 1572 4415 epistota
1588 4342 1630 4398 ted
1640 4349 1707 4399 §.us

356 4444 520 4502 Lourimem
547 4459 738 4502 commemoro
767 4459 914 4502 rumorem
941 4443 989 4501 liic
1012 4441 1108 4513 fuisse
1132 4458 1271 4515 sparsum
1292 4441 1455 4501 Romanum
1471 4445 1638 4517 pontificem

428 4696 435 4727 ¹
455 4694 544 4761 epist]
566 4671 714 4748 invectiva.
735 4698 770 4756 cf.
790 4712 872 4762 suma
891 4713 916 4761 p.
932 4694 971 4745 lo.
990 4696 1013 4755 ξ.
1028 4694 1068 4744 32.
1151 4694 1172 4727 ¹⁰
1195 4712 1228 4745 no
1248 4695 1383 4746 tantulum
1448 4712 1509 4747 ven.
1529 4692 1637 4760 comm]

359 4783 409 4830 Vix
430 4784 571 4845 quisquam
590 4782 671 4830 hodia
691 4782 785 4830 credat
803 4784 916 4830 Erasuso
934 4782 974 4830 sic
994 4780 1116 4845 loquenti
1129 4780 1162 4828 de
1176 4772 1311 4845 δώροισίν
1328 4770 1350 4830 τ’
1368 4774 1509 4847 α’γανοῖσι,
1528 4772 1642 4832 ἶπὲεσσί

357 4883 386 4916 τι
409 4866 603 4932 μειλιχίοισιν,
633 4867 755 4930 quoiusvis
778 4865 875 4930 vulpes
898 4881 950 4914 nou
974 4868 1101 4931 capiatur
1120 4867 1286 4916 muneribus.
1362 4864 1382 4898 ¹²
1400 4865 1493 4932 scribi
1524 4869 1637 4932 Expost.

358 4957 380 5012 ς’.
400 4952 453 5001 lut.
491 4951 512 4983 ¹⁵
526 4953 611 5017 ipsius
625 4968 720 5000 eorum.
735 4947 769 5014 uu]
790 4948 885 5012 sullis,
904 4951 957 5000 uisi
971 4951 1091 5009 saliaris,
1111 4956 1215 5001 estius
1235 4954 1313 5014 ‘sox',
1333 4953 1457 5016 quamvis
1476 4968 1529 5002 non
1547 4954 1639 5002 omnia

358 5044 406 5087 tua
424 5040 485 5103 ipsu
504 5038 588 5088 verba
606 5039 670 5087 siut.
740 5035 762 5067 ³¹⁰
780 5036 890 5099 Expost.
904 5036 935 5097 ἓξ
949 5035 1005 5086 l'ls').
1018 5052 1076 5102 sqq.
