<?xml version="1.0" encoding="UTF-8"?>
<!DOCTYPE html PUBLIC "-//W3C//DTD XHTML 1.0 Transitional//EN"
    "http://www.w3.org/TR/xhtml1/DTD/xhtml1-transitional.dtd">
<html xmlns="http://www.w3.org/1999/xhtml" xml:lang="en" lang="en">
 <head>
  <title>
</title>
<meta http-equiv="Content-Type" content="text/html;charset=utf-8" />
  <meta name='ocr-system' content='tesseract 3.04.00' />
  <meta name='ocr-capabilities' content='ocr_page ocr_carea ocr_par ocr_line ocrx_word'/>
</head>
<body>
  <div class='ocr_page' id='page_1' title='image "./ulrichihuttenie11huttgoog_0543.png"; bbox 0 0 3934 6034; ppageno 0'>
   <div class='ocr_carea' id='block_1_1' title="bbox 254 702 1552 773">
    <p class='ocr_par' dir='ltr' id='par_1_1' title="bbox 254 702 1552 773">
     <span class='ocr_line' id='line_1_1' title="bbox 254 702 1552 773; baseline -0.006 -2"><span class='ocrx_word' id='word_1_1' title='bbox 254 718 431 770; x_wconf 73' lang='lat' dir='ltr'>ADDENDA</span> <span class='ocrx_word' id='word_1_2' title='bbox 450 720 498 768; x_wconf 80' lang='lat' dir='ltr'><strong>AD</strong></span> <span class='ocrx_word' id='word_1_3' title='bbox 520 718 601 769; x_wconf 77' lang='lat' dir='ltr'><strong><em>VOL.</em></strong></span> <span class='ocrx_word' id='word_1_4' title='bbox 615 718 636 767; x_wconf 93' lang='lat' dir='ltr'><strong>I.</strong></span> <span class='ocrx_word' id='word_1_5' title='bbox 667 714 837 766; x_wconf 57' lang='lat' dir='ltr'><strong>Lxxxtut</strong></span> <span class='ocrx_word' id='word_1_6' title='bbox 858 732 1001 766; x_wconf 73' lang='lat' dir='ltr'><strong>erroreum</strong></span> <span class='ocrx_word' id='word_1_7' title='bbox 1014 731 1051 766; x_wconf 77' lang='lat' dir='ltr'><strong>so</strong></span> <span class='ocrx_word' id='word_1_8' title='bbox 1064 731 1158 765; x_wconf 75' lang='lat' dir='ltr'><strong>roten.</strong></span> <span class='ocrx_word' id='word_1_9' title='bbox 1173 731 1208 765; x_wconf 82' lang='lat' dir='ltr'><strong>mr</strong></span> <span class='ocrx_word' id='word_1_10' title='bbox 1222 731 1342 764; x_wconf 75' lang='lat' dir='ltr'><strong>uacans.</strong></span> <span class='ocrx_word' id='word_1_11' title='bbox 1357 730 1382 764; x_wconf 80' lang='lat' dir='ltr'><strong>n.</strong></span> <span class='ocrx_word' id='word_1_12' title='bbox 1399 725 1457 766; x_wconf 77' lang='lat' dir='ltr'><strong>toto.</strong></span> <span class='ocrx_word' id='word_1_13' title='bbox 1478 702 1552 773; x_wconf 86' lang='grc'><strong>483</strong></span> 
     </span>
    </p>
   </div>
   <div class='ocr_carea' id='block_1_2' title="bbox 223 887 1552 2822">
    <p class='ocr_par' dir='ltr' id='par_1_2' title="bbox 223 887 1552 2822">
     <span class='ocr_line' id='line_1_2' title="bbox 256 887 1552 965; baseline 0 -19"><span class='ocrx_word' id='word_1_14' title='bbox 256 890 354 965; x_wconf 88' lang='lat' dir='ltr'><strong>quibus</strong></span> <span class='ocrx_word' id='word_1_15' title='bbox 376 891 442 947; x_wconf 83' lang='lat' dir='ltr'><strong>visis</strong></span> <span class='ocrx_word' id='word_1_16' title='bbox 465 892 545 947; x_wconf 91' lang='lat' dir='ltr'><strong>micbi</strong></span> <span class='ocrx_word' id='word_1_17' title='bbox 569 890 734 965; x_wconf 82' lang='lat' dir='ltr'><strong>provinciam</strong></span> <span class='ocrx_word' id='word_1_18' title='bbox 759 889 807 944; x_wconf 91' lang='lat' dir='ltr'><strong>tibi</strong></span> <span class='ocrx_word' id='word_1_19' title='bbox 831 888 1013 962; x_wconf 79' lang='lat' dir='ltr'><strong>respondendi</strong></span> <span class='ocrx_word' id='word_1_20' title='bbox 1037 888 1160 944; x_wconf 78' lang='lat' dir='ltr'><strong>iniunxit.</strong></span> <span class='ocrx_word' id='word_1_21' title='bbox 1204 887 1237 943; x_wconf 88' lang='lat' dir='ltr'><strong>Et</strong></span> <span class='ocrx_word' id='word_1_22' title='bbox 1260 889 1383 963; x_wconf 79' lang='lat' dir='ltr'><strong>inprimis</strong></span> <span class='ocrx_word' id='word_1_23' title='bbox 1408 889 1552 946; x_wconf 86' lang='lat' dir='ltr'><strong>immensas</strong></span> 
     </span>
     <span class='ocr_line' id='line_1_3' title="bbox 255 974 1551 1049; baseline -0.001 -18"><span class='ocrx_word' id='word_1_24' title='bbox 255 975 338 1031; x_wconf 88' lang='lat' dir='ltr'><strong>relcrt</strong></span> <span class='ocrx_word' id='word_1_25' title='bbox 365 976 468 1049; x_wconf 79' lang='lat' dir='ltr'><strong>gratias</strong></span> <span class='ocrx_word' id='word_1_26' title='bbox 497 975 683 1031; x_wconf 86' lang='lat' dir='ltr'><strong>illustrissimo</strong></span> <span class='ocrx_word' id='word_1_27' title='bbox 712 974 905 1045; x_wconf 74' lang='lat' dir='ltr'><strong>Branrlibnrgi.</strong></span> <span class='ocrx_word' id='word_1_28' title='bbox 939 974 1142 1044; x_wconf 80' lang='lat' dir='ltr'><strong>consanguineo</strong></span> <span class='ocrx_word' id='word_1_29' title='bbox 1171 990 1221 1028; x_wconf 92' lang='lat' dir='ltr'><strong>suo</strong></span> <span class='ocrx_word' id='word_1_30' title='bbox 1249 974 1405 1036; x_wconf 84' lang='lat' dir='ltr'><strong>carissimo,</strong></span> <span class='ocrx_word' id='word_1_31' title='bbox 1439 975 1472 1030; x_wconf 79' lang='lat' dir='ltr'><strong>ilo</strong></span> <span class='ocrx_word' id='word_1_32' title='bbox 1503 975 1551 1031; x_wconf 93' lang='lat' dir='ltr'><strong>illo</strong></span> 
     </span>
     <span class='ocr_line' id='line_1_4' title="bbox 257 1057 1550 1134; baseline -0.001 -18"><span class='ocrx_word' id='word_1_33' title='bbox 257 1058 397 1122; x_wconf 65' lang='lat' dir='ltr'><strong>iconismo.</strong></span> <span class='ocrx_word' id='word_1_34' title='bbox 435 1078 514 1134; x_wconf 89' lang='lat' dir='ltr'><strong>quem</strong></span> <span class='ocrx_word' id='word_1_35' title='bbox 538 1078 602 1132; x_wconf 70' lang='lat' dir='ltr'><strong>erga</strong></span> <span class='ocrx_word' id='word_1_36' title='bbox 626 1079 655 1114; x_wconf 87' lang='lat' dir='ltr'><strong>so</strong></span> <span class='ocrx_word' id='word_1_37' title='bbox 678 1058 773 1119; x_wconf 88' lang='lat' dir='ltr'><strong>babet,</strong></span> <span class='ocrx_word' id='word_1_38' title='bbox 808 1059 911 1120; x_wconf 88' lang='lat' dir='ltr'><strong>animo,</strong></span> <span class='ocrx_word' id='word_1_39' title='bbox 946 1067 973 1112; x_wconf 90' lang='lat' dir='ltr'><strong>et</strong></span> <span class='ocrx_word' id='word_1_40' title='bbox 996 1075 1075 1130; x_wconf 71' lang='lat' dir='ltr'><strong>«priam</strong></span> <span class='ocrx_word' id='word_1_41' title='bbox 1099 1057 1245 1130; x_wconf 91' lang='lat' dir='ltr'><strong>plurimum</strong></span> <span class='ocrx_word' id='word_1_42' title='bbox 1275 1067 1365 1131; x_wconf 91' lang='lat' dir='ltr'><strong>optat,</strong></span> <span class='ocrx_word' id='word_1_43' title='bbox 1400 1069 1430 1115; x_wconf 90' lang='lat' dir='ltr'><strong>ut</strong></span> <span class='ocrx_word' id='word_1_44' title='bbox 1459 1061 1481 1115; x_wconf 93' lang='lat' dir='ltr'><strong>si</strong></span> <span class='ocrx_word' id='word_1_45' title='bbox 1510 1061 1550 1115; x_wconf 92' lang='lat' dir='ltr'><strong>rei</strong></span> 
     </span>
     <span class='ocr_line' id='line_1_5' title="bbox 258 1142 1449 1219; baseline 0 -19"><span class='ocrx_word' id='word_1_46' title='bbox 258 1144 432 1219; x_wconf 73' lang='lat' dir='ltr'><strong>oportunitas</strong></span> <span class='ocrx_word' id='word_1_47' title='bbox 455 1163 485 1201; x_wconf 87' lang='lat' dir='ltr'><strong>sc</strong></span> <span class='ocrx_word' id='word_1_48' title='bbox 508 1144 654 1205; x_wconf 91' lang='lat' dir='ltr'><strong>obtulerit,</strong></span> <span class='ocrx_word' id='word_1_49' title='bbox 678 1143 794 1218; x_wconf 76' lang='lat' dir='ltr'><strong>crpmiri</strong></span> <span class='ocrx_word' id='word_1_50' title='bbox 818 1142 924 1197; x_wconf 82' lang='lat' dir='ltr'><strong>valebit.</strong></span> <span class='ocrx_word' id='word_1_51' title='bbox 969 1142 1169 1197; x_wconf 74' lang='lat' dir='ltr'><strong>Matrimonium</strong></span> <span class='ocrx_word' id='word_1_52' title='bbox 1193 1159 1256 1196; x_wconf 78' lang='lat' dir='ltr'><strong>verti</strong></span> <span class='ocrx_word' id='word_1_53' title='bbox 1280 1144 1449 1199; x_wconf 82' lang='lat' dir='ltr'><strong>tractarnlunr</strong></span> 
     </span>
     <span class='ocr_line' id='line_1_6' title="bbox 234 1225 1550 1300; baseline -0.003 -17"><span class='ocrx_word' id='word_1_54' title='bbox 234 1241 246 1278; x_wconf 79' lang='lat'>⁵</span> <span class='ocrx_word' id='word_1_55' title='bbox 258 1271 717 1284; x_wconf 90' lang='grc'><strong><em>....................</em></strong></span> <span class='ocrx_word' id='word_1_56' title='bbox 741 1228 776 1283; x_wconf 82' lang='lat' dir='ltr'><strong>lle</strong></span> <span class='ocrx_word' id='word_1_57' title='bbox 799 1227 930 1300; x_wconf 87' lang='lat' dir='ltr'><strong>pensione</strong></span> <span class='ocrx_word' id='word_1_58' title='bbox 953 1243 1033 1286; x_wconf 80' lang='lat' dir='ltr'><strong>sero.</strong></span> <span class='ocrx_word' id='word_1_59' title='bbox 1058 1244 1091 1281; x_wconf 88' lang='lat' dir='ltr'><strong>nc</strong></span> <span class='ocrx_word' id='word_1_60' title='bbox 1113 1225 1158 1281; x_wconf 86' lang='lat' dir='ltr'><strong>alii</strong></span> <span class='ocrx_word' id='word_1_61' title='bbox 1182 1226 1317 1300; x_wconf 79' lang='lat' dir='ltr'><strong>principes</strong></span> <span class='ocrx_word' id='word_1_62' title='bbox 1339 1229 1462 1300; x_wconf 79' lang='lat' dir='ltr'><strong>germani</strong></span> <span class='ocrx_word' id='word_1_63' title='bbox 1478 1230 1550 1284; x_wconf 83' lang='lat' dir='ltr'><strong>eius·</strong></span> 
     </span>
     <span class='ocr_line' id='line_1_7' title="bbox 253 1310 1549 1387; baseline 0.001 -19"><span class='ocrx_word' id='word_1_64' title='bbox 253 1313 311 1368; x_wconf 83' lang='lat' dir='ltr'><strong>‹lcru</strong></span> <span class='ocrx_word' id='word_1_65' title='bbox 335 1321 438 1376; x_wconf 88' lang='lat' dir='ltr'><strong>status,</strong></span> <span class='ocrx_word' id='word_1_66' title='bbox 468 1314 545 1369; x_wconf 91' lang='lat' dir='ltr'><strong>cuins</strong></span> <span class='ocrx_word' id='word_1_67' title='bbox 568 1321 610 1369; x_wconf 89' lang='lat' dir='ltr'><strong>est</strong></span> <span class='ocrx_word' id='word_1_68' title='bbox 634 1313 756 1387; x_wconf 82' lang='lat' dir='ltr'><strong>prelatus</strong></span> <span class='ocrx_word' id='word_1_69' title='bbox 780 1311 981 1366; x_wconf 82' lang='lat' dir='ltr'><strong>illustrissimus</strong></span> <span class='ocrx_word' id='word_1_70' title='bbox 1010 1311 1143 1372; x_wconf 85' lang='lat' dir='ltr'><strong>marchio,</strong></span> <span class='ocrx_word' id='word_1_71' title='bbox 1178 1310 1277 1384; x_wconf 75' lang='lat' dir='ltr'><strong>(poribus</strong></span> <span class='ocrx_word' id='word_1_72' title='bbox 1307 1311 1549 1370; x_wconf 85' lang='lat' dir='ltr'><strong>christianissimus</strong></span> 
     </span>
     <span class='ocr_line' id='line_1_8' title="bbox 255 1394 1548 1471; baseline 0.001 -19"><span class='ocrx_word' id='word_1_73' title='bbox 255 1396 308 1453; x_wconf 82' lang='lat' dir='ltr'><strong>lter</strong></span> <span class='ocrx_word' id='word_1_74' title='bbox 330 1400 479 1471; x_wconf 78' lang='lat' dir='ltr'><strong>pensiones</strong></span> <span class='ocrx_word' id='word_1_75' title='bbox 503 1398 640 1454; x_wconf 79' lang='lat' dir='ltr'><strong>annuatim</strong></span> <span class='ocrx_word' id='word_1_76' title='bbox 665 1397 794 1469; x_wconf 82' lang='lat' dir='ltr'><strong>largitur,</strong></span> <span class='ocrx_word' id='word_1_77' title='bbox 830 1414 903 1468; x_wconf 76' lang='lat' dir='ltr'><strong>aegro</strong></span> <span class='ocrx_word' id='word_1_78' title='bbox 926 1403 953 1450; x_wconf 93' lang='lat' dir='ltr'><strong>et</strong></span> <span class='ocrx_word' id='word_1_79' title='bbox 976 1394 1089 1450; x_wconf 80' lang='lat' dir='ltr'><strong>rriolesle</strong></span> <span class='ocrx_word' id='word_1_80' title='bbox 1114 1395 1216 1457; x_wconf 85' lang='lat' dir='ltr'><strong>lerant,</strong></span> <span class='ocrx_word' id='word_1_81' title='bbox 1251 1396 1273 1450; x_wconf 88' lang='lat' dir='ltr'><strong>si</strong></span> <span class='ocrx_word' id='word_1_82' title='bbox 1304 1396 1357 1452; x_wconf 90' lang='lat' dir='ltr'><strong>illis</strong></span> <span class='ocrx_word' id='word_1_83' title='bbox 1390 1398 1548 1460; x_wconf 83' lang='lat' dir='ltr'><strong>irinotuerit.</strong></span> 
     </span>
     <span class='ocr_line' id='line_1_9' title="bbox 254 1480 1548 1555; baseline 0 -18"><span class='ocrx_word' id='word_1_84' title='bbox 254 1499 283 1537; x_wconf 86' lang='lat' dir='ltr'><strong>sc</strong></span> <span class='ocrx_word' id='word_1_85' title='bbox 304 1483 375 1555; x_wconf 85' lang='lat' dir='ltr'><strong>apnrl</strong></span> <span class='ocrx_word' id='word_1_86' title='bbox 399 1500 492 1555; x_wconf 81' lang='lat' dir='ltr'><strong>regem</strong></span> <span class='ocrx_word' id='word_1_87' title='bbox 516 1492 640 1538; x_wconf 88' lang='lat' dir='ltr'><strong>nostrum</strong></span> <span class='ocrx_word' id='word_1_88' title='bbox 664 1500 723 1537; x_wconf 90' lang='lat' dir='ltr'><strong>esse</strong></span> <span class='ocrx_word' id='word_1_89' title='bbox 746 1480 891 1536; x_wconf 86' lang='lat' dir='ltr'><strong>deterioris</strong></span> <span class='ocrx_word' id='word_1_90' title='bbox 913 1480 1092 1540; x_wconf 86' lang='lat' dir='ltr'><strong>corulitionis.</strong></span> <span class='ocrx_word' id='word_1_91' title='bbox 1127 1497 1206 1553; x_wconf 89' lang='lat' dir='ltr'><strong>qoam</strong></span> <span class='ocrx_word' id='word_1_92' title='bbox 1229 1481 1318 1535; x_wconf 67' lang='lat' dir='ltr'><strong>(lictus</strong></span> <span class='ocrx_word' id='word_1_93' title='bbox 1348 1482 1548 1539; x_wconf 81' lang='lat' dir='ltr'><strong>illustrissimus</strong></span> 
     </span>
     <span class='ocr_line' id='line_1_10' title="bbox 254 1564 1548 1639; baseline 0.002 -19"><span class='ocrx_word' id='word_1_94' title='bbox 254 1566 386 1629; x_wconf 83' lang='lat' dir='ltr'><strong>nrarcbio.</strong></span> <span class='ocrx_word' id='word_1_95' title='bbox 419 1567 662 1623; x_wconf 81' lang='lat' dir='ltr'><strong>cliristianissimus</strong></span> <span class='ocrx_word' id='word_1_96' title='bbox 691 1583 737 1621; x_wconf 81' lang='lat' dir='ltr'><strong>rex</strong></span> <span class='ocrx_word' id='word_1_97' title='bbox 767 1565 913 1638; x_wconf 75' lang='lat' dir='ltr'><strong>quotannis</strong></span> <span class='ocrx_word' id='word_1_98' title='bbox 936 1564 1095 1638; x_wconf 74' lang='lat' dir='ltr'><strong>pensionum</strong></span> <span class='ocrx_word' id='word_1_99' title='bbox 1125 1564 1238 1619; x_wconf 80' lang='lat' dir='ltr'><strong>similem</strong></span> <span class='ocrx_word' id='word_1_100' title='bbox 1269 1564 1322 1626; x_wconf 91' lang='lat' dir='ltr'><strong>illi,</strong></span> <span class='ocrx_word' id='word_1_101' title='bbox 1357 1584 1436 1639; x_wconf 86' lang='lat' dir='ltr'><strong>quarn</strong></span> <span class='ocrx_word' id='word_1_102' title='bbox 1469 1567 1548 1622; x_wconf 84' lang='lat' dir='ltr'><strong>dictis</strong></span> 
     </span>
     <span class='ocr_line' id='line_1_11' title="bbox 225 1647 1549 1725; baseline 0.003 -23"><span class='ocrx_word' id='word_1_103' title='bbox 225 1663 247 1703; x_wconf 86' lang='lat' dir='ltr'><strong>to</strong></span> <span class='ocrx_word' id='word_1_104' title='bbox 256 1650 426 1725; x_wconf 87' lang='lat' dir='ltr'><strong>principibus</strong></span> <span class='ocrx_word' id='word_1_105' title='bbox 449 1652 587 1725; x_wconf 81' lang='lat' dir='ltr'><strong>germanis</strong></span> <span class='ocrx_word' id='word_1_106' title='bbox 609 1652 706 1711; x_wconf 75' lang='lat' dir='ltr'><strong>«tonat,</strong></span> <span class='ocrx_word' id='word_1_107' title='bbox 731 1668 791 1723; x_wconf 79' lang='lat' dir='ltr'><strong>qum</strong></span> <span class='ocrx_word' id='word_1_108' title='bbox 813 1658 855 1705; x_wconf 93' lang='lat' dir='ltr'><strong>est</strong></span> <span class='ocrx_word' id='word_1_109' title='bbox 878 1656 941 1705; x_wconf 91' lang='lat' dir='ltr'><strong>octo</strong></span> <span class='ocrx_word' id='word_1_110' title='bbox 963 1647 1067 1702; x_wconf 90' lang='lat' dir='ltr'><strong>milium</strong></span> <span class='ocrx_word' id='word_1_111' title='bbox 1091 1648 1220 1704; x_wconf 90' lang='lat' dir='ltr'><strong>librarum</strong></span> <span class='ocrx_word' id='word_1_112' title='bbox 1244 1650 1456 1712; x_wconf 70' lang='lat' dir='ltr'><strong>turonensium.</strong></span> <span class='ocrx_word' id='word_1_113' title='bbox 1479 1651 1549 1707; x_wconf 88' lang='lat' dir='ltr'><strong>elar-</strong></span> 
     </span>
     <span class='ocr_line' id='line_1_12' title="bbox 253 1733 1548 1807; baseline 0.001 -17"><span class='ocrx_word' id='word_1_114' title='bbox 253 1735 351 1807; x_wconf 76' lang='lat' dir='ltr'><strong>gictur.</strong></span> <span class='ocrx_word' id='word_1_115' title='bbox 395 1735 541 1792; x_wconf 84' lang='lat' dir='ltr'><strong>Contrarlo</strong></span> <span class='ocrx_word' id='word_1_116' title='bbox 564 1753 627 1790; x_wconf 91' lang='lat' dir='ltr'><strong>vero</strong></span> <span class='ocrx_word' id='word_1_117' title='bbox 651 1735 824 1790; x_wconf 85' lang='lat' dir='ltr'><strong>matrimonio</strong></span> <span class='ocrx_word' id='word_1_118' title='bbox 847 1733 882 1789; x_wconf 94' lang='lat' dir='ltr'><strong>ob</strong></span> <span class='ocrx_word' id='word_1_119' title='bbox 906 1733 978 1788; x_wconf 91' lang='lat' dir='ltr'><strong>illins</strong></span> <span class='ocrx_word' id='word_1_120' title='bbox 1002 1751 1109 1788; x_wconf 86' lang='lat' dir='ltr'><strong>cansam</strong></span> <span class='ocrx_word' id='word_1_121' title='bbox 1132 1735 1260 1789; x_wconf 83' lang='lat' dir='ltr'><strong>rrraiorern</strong></span> <span class='ocrx_word' id='word_1_122' title='bbox 1291 1734 1440 1806; x_wconf 71' lang='lat' dir='ltr'><strong>elargiernli</strong></span> <span class='ocrx_word' id='word_1_123' title='bbox 1469 1735 1548 1791; x_wconf 78' lang='lat' dir='ltr'><strong>olica-</strong></span> 
     </span>
     <span class='ocr_line' id='line_1_13' title="bbox 254 1817 1546 1891; baseline 0.002 -18"><span class='ocrx_word' id='word_1_124' title='bbox 254 1819 356 1875; x_wconf 84' lang='lat' dir='ltr'><strong>siouem</strong></span> <span class='ocrx_word' id='word_1_125' title='bbox 379 1820 523 1875; x_wconf 86' lang='lat' dir='ltr'><strong>honestam</strong></span> <span class='ocrx_word' id='word_1_126' title='bbox 547 1820 635 1875; x_wconf 87' lang='lat' dir='ltr'><strong>babet.</strong></span> <span class='ocrx_word' id='word_1_127' title='bbox 674 1819 766 1886; x_wconf 78' lang='lat' dir='ltr'><strong>Quoad</strong></span> <span class='ocrx_word' id='word_1_128' title='bbox 790 1834 853 1874; x_wconf 88' lang='lat' dir='ltr'><strong>roro</strong></span> <span class='ocrx_word' id='word_1_129' title='bbox 870 1817 1012 1890; x_wconf 79' lang='lat' dir='ltr'><strong>negoeinm</strong></span> <span class='ocrx_word' id='word_1_130' title='bbox 1030 1817 1218 1891; x_wconf 77' lang='lat' dir='ltr'><strong>principaliter</strong></span> <span class='ocrx_word' id='word_1_131' title='bbox 1233 1818 1281 1873; x_wconf 94' lang='lat' dir='ltr'><strong>tibi</strong></span> <span class='ocrx_word' id='word_1_132' title='bbox 1301 1819 1463 1881; x_wconf 86' lang='lat' dir='ltr'><strong>iniunctum.</strong></span> <span class='ocrx_word' id='word_1_133' title='bbox 1486 1838 1546 1878; x_wconf 83' lang='lat' dir='ltr'><strong>cirin</strong></span> 
     </span>
     <span class='ocr_line' id='line_1_14' title="bbox 253 1901 1546 1978; baseline 0 -19"><span class='ocrx_word' id='word_1_134' title='bbox 253 1903 368 1959; x_wconf 87' lang='lat' dir='ltr'><strong>anobis</strong></span> <span class='ocrx_word' id='word_1_135' title='bbox 391 1904 560 1966; x_wconf 83' lang='lat' dir='ltr'><strong>discederes,</strong></span> <span class='ocrx_word' id='word_1_136' title='bbox 591 1903 693 1978; x_wconf 85' lang='lat' dir='ltr'><strong>placuit</strong></span> <span class='ocrx_word' id='word_1_137' title='bbox 722 1920 883 1978; x_wconf 89' lang='lat' dir='ltr'><strong>responsum</strong></span> <span class='ocrx_word' id='word_1_138' title='bbox 915 1903 966 1957; x_wconf 82' lang='lat' dir='ltr'><strong>iarn</strong></span> <span class='ocrx_word' id='word_1_139' title='bbox 989 1902 1053 1956; x_wconf 79' lang='lat' dir='ltr'><strong>ilicti</strong></span> <span class='ocrx_word' id='word_1_140' title='bbox 1077 1901 1255 1957; x_wconf 89' lang='lat' dir='ltr'><strong>illustrissimi</strong></span> <span class='ocrx_word' id='word_1_141' title='bbox 1280 1904 1443 1959; x_wconf 87' lang='lat' dir='ltr'><strong>marcbionis</strong></span> <span class='ocrx_word' id='word_1_142' title='bbox 1467 1922 1546 1978; x_wconf 88' lang='lat' dir='ltr'><strong>qnam</strong></span> 
     </span>
     <span class='ocr_line' id='line_1_15' title="bbox 253 1986 1547 2062; baseline 0.003 -21"><span class='ocrx_word' id='word_1_143' title='bbox 253 1986 398 2061; x_wconf 90' lang='lat' dir='ltr'><strong>plurimum</strong></span> <span class='ocrx_word' id='word_1_144' title='bbox 422 1990 480 2061; x_wconf 80' lang='lat' dir='ltr'><strong>regi</strong></span> <span class='ocrx_word' id='word_1_145' title='bbox 505 1998 614 2051; x_wconf 86' lang='lat' dir='ltr'><strong>nostro,</strong></span> <span class='ocrx_word' id='word_1_146' title='bbox 639 1989 685 2044; x_wconf 76' lang='lat' dir='ltr'><strong>secl</strong></span> <span class='ocrx_word' id='word_1_147' title='bbox 708 1988 812 2050; x_wconf 78' lang='lat' dir='ltr'><strong>rideas,</strong></span> <span class='ocrx_word' id='word_1_148' title='bbox 841 1988 903 2062; x_wconf 79' lang='lat' dir='ltr'><strong>quiil</strong></span> <span class='ocrx_word' id='word_1_149' title='bbox 928 1987 988 2042; x_wconf 89' lang='lat' dir='ltr'><strong>lblei</strong></span> <span class='ocrx_word' id='word_1_150' title='bbox 1012 1994 1040 2041; x_wconf 88' lang='lat' dir='ltr'><strong>et</strong></span> <span class='ocrx_word' id='word_1_151' title='bbox 1062 1987 1217 2042; x_wconf 85' lang='lat' dir='ltr'><strong>securitatis</strong></span> <span class='ocrx_word' id='word_1_152' title='bbox 1240 1988 1290 2042; x_wconf 87' lang='lat' dir='ltr'><strong>boc</strong></span> <span class='ocrx_word' id='word_1_153' title='bbox 1314 1988 1339 2043; x_wconf 89' lang='lat' dir='ltr'><strong>in</strong></span> <span class='ocrx_word' id='word_1_154' title='bbox 1364 1989 1477 2061; x_wconf 80' lang='lat' dir='ltr'><strong>negocio</strong></span> <span class='ocrx_word' id='word_1_155' title='bbox 1502 1990 1547 2045; x_wconf 88' lang='lat' dir='ltr'><strong>ba·</strong></span> 
     </span>
     <span class='ocr_line' id='line_1_16' title="bbox 224 2070 1546 2147; baseline 0.004 -24"><span class='ocrx_word' id='word_1_156' title='bbox 224 2085 245 2123; x_wconf 80' lang='lat' dir='ltr'><strong>n</strong></span> <span class='ocrx_word' id='word_1_157' title='bbox 255 2071 385 2129; x_wconf 87' lang='lat' dir='ltr'><strong>bebimus.</strong></span> <span class='ocrx_word' id='word_1_158' title='bbox 429 2072 531 2129; x_wconf 82' lang='lat' dir='ltr'><strong>lrlrirco</strong></span> <span class='ocrx_word' id='word_1_159' title='bbox 555 2090 638 2147; x_wconf 89' lang='lat' dir='ltr'><strong>super</strong></span> <span class='ocrx_word' id='word_1_160' title='bbox 661 2073 785 2128; x_wconf 89' lang='lat' dir='ltr'><strong>omnibns</strong></span> <span class='ocrx_word' id='word_1_161' title='bbox 808 2072 959 2145; x_wconf 81' lang='lat' dir='ltr'><strong>praedietis,</strong></span> <span class='ocrx_word' id='word_1_162' title='bbox 983 2072 1005 2125; x_wconf 87' lang='lat' dir='ltr'><strong>si</strong></span> <span class='ocrx_word' id='word_1_163' title='bbox 1030 2071 1080 2124; x_wconf 91' lang='lat' dir='ltr'><strong>iarn</strong></span> <span class='ocrx_word' id='word_1_164' title='bbox 1102 2072 1175 2127; x_wconf 89' lang='lat' dir='ltr'><strong>dicto</strong></span> <span class='ocrx_word' id='word_1_165' title='bbox 1197 2070 1381 2128; x_wconf 90' lang='lat' dir='ltr'><strong>illustrissimo</strong></span> <span class='ocrx_word' id='word_1_166' title='bbox 1398 2074 1546 2129; x_wconf 88' lang='lat' dir='ltr'><strong>morcbioni</strong></span> 
     </span>
     <span class='ocr_line' id='line_1_17' title="bbox 255 2155 1545 2232; baseline 0.003 -23"><span class='ocrx_word' id='word_1_167' title='bbox 255 2155 399 2229; x_wconf 86' lang='lat' dir='ltr'><strong>placuerit,</strong></span> <span class='ocrx_word' id='word_1_168' title='bbox 437 2166 464 2213; x_wconf 88' lang='lat' dir='ltr'><strong>et</strong></span> <span class='ocrx_word' id='word_1_169' title='bbox 489 2158 514 2212; x_wconf 93' lang='lat' dir='ltr'><strong>in</strong></span> <span class='ocrx_word' id='word_1_170' title='bbox 538 2159 668 2232; x_wconf 77' lang='lat' dir='ltr'><strong>primane</strong></span> <span class='ocrx_word' id='word_1_171' title='bbox 691 2157 905 2231; x_wconf 81' lang='lat' dir='ltr'><strong>perseveraverit</strong></span> <span class='ocrx_word' id='word_1_172' title='bbox 927 2155 1087 2230; x_wconf 87' lang='lat' dir='ltr'><strong>proposito,</strong></span> <span class='ocrx_word' id='word_1_173' title='bbox 1122 2155 1163 2211; x_wconf 86' lang='lat' dir='ltr'><strong>iac</strong></span> <span class='ocrx_word' id='word_1_174' title='bbox 1192 2164 1222 2211; x_wconf 92' lang='lat' dir='ltr'><strong>ut</strong></span> <span class='ocrx_word' id='word_1_175' title='bbox 1250 2173 1319 2211; x_wconf 80' lang='lat' dir='ltr'><strong>tinus</strong></span> <span class='ocrx_word' id='word_1_176' title='bbox 1349 2175 1379 2212; x_wconf 82' lang='lat' dir='ltr'><strong>ex</strong></span> <span class='ocrx_word' id='word_1_177' title='bbox 1408 2158 1464 2212; x_wconf 88' lang='lat' dir='ltr'><strong>suis</strong></span> <span class='ocrx_word' id='word_1_178' title='bbox 1494 2175 1545 2213; x_wconf 82' lang='lat' dir='ltr'><strong>tina</strong></span> 
     </span>
     <span class='ocr_line' id='line_1_18' title="bbox 254 2240 1547 2315; baseline 0.002 -20"><span class='ocrx_word' id='word_1_179' title='bbox 254 2250 341 2298; x_wconf 88' lang='lat' dir='ltr'><strong>tecum</strong></span> <span class='ocrx_word' id='word_1_180' title='bbox 363 2259 426 2297; x_wconf 88' lang='lat' dir='ltr'><strong>curn</strong></span> <span class='ocrx_word' id='word_1_181' title='bbox 449 2242 529 2298; x_wconf 80' lang='lat' dir='ltr'><strong>boans</strong></span> <span class='ocrx_word' id='word_1_182' title='bbox 552 2241 754 2299; x_wconf 84' lang='lat' dir='ltr'><strong>memorialibus</strong></span> <span class='ocrx_word' id='word_1_183' title='bbox 776 2252 803 2297; x_wconf 88' lang='lat' dir='ltr'><strong>et</strong></span> <span class='ocrx_word' id='word_1_184' title='bbox 825 2242 995 2315; x_wconf 83' lang='lat' dir='ltr'><strong>proprietate</strong></span> <span class='ocrx_word' id='word_1_185' title='bbox 1018 2240 1163 2296; x_wconf 87' lang='lat' dir='ltr'><strong>sulbcienti</strong></span> <span class='ocrx_word' id='word_1_186' title='bbox 1186 2241 1219 2295; x_wconf 79' lang='lat' dir='ltr'><strong>orl</strong></span> <span class='ocrx_word' id='word_1_187' title='bbox 1241 2241 1342 2296; x_wconf 90' lang='lat' dir='ltr'><strong>curiam</strong></span> <span class='ocrx_word' id='word_1_188' title='bbox 1364 2250 1485 2297; x_wconf 86' lang='lat' dir='ltr'><strong>nostram</strong></span> <span class='ocrx_word' id='word_1_189' title='bbox 1501 2243 1547 2298; x_wconf 82' lang='lat' dir='ltr'><strong>ilc·</strong></span> 
     </span>
     <span class='ocr_line' id='line_1_19' title="bbox 254 2325 1546 2400; baseline 0.002 -20"><span class='ocrx_word' id='word_1_190' title='bbox 254 2326 384 2388; x_wconf 83' lang='lat' dir='ltr'><strong>stinctur.</strong></span> <span class='ocrx_word' id='word_1_191' title='bbox 409 2335 437 2382; x_wconf 89' lang='lat' dir='ltr'><strong>et</strong></span> <span class='ocrx_word' id='word_1_192' title='bbox 458 2335 595 2383; x_wconf 87' lang='lat' dir='ltr'><strong>annuente</strong></span> <span class='ocrx_word' id='word_1_193' title='bbox 611 2327 719 2382; x_wconf 78' lang='lat' dir='ltr'><strong>Cbristo</strong></span> <span class='ocrx_word' id='word_1_194' title='bbox 743 2344 818 2400; x_wconf 90' lang='lat' dir='ltr'><strong>spem</strong></span> <span class='ocrx_word' id='word_1_195' title='bbox 841 2325 1020 2381; x_wconf 89' lang='lat' dir='ltr'><strong>certissimam</strong></span> <span class='ocrx_word' id='word_1_196' title='bbox 1044 2325 1143 2386; x_wconf 89' lang='lat' dir='ltr'><strong>babeo,</strong></span> <span class='ocrx_word' id='word_1_197' title='bbox 1168 2325 1240 2397; x_wconf 84' lang='lat' dir='ltr'><strong>qnod</strong></span> <span class='ocrx_word' id='word_1_198' title='bbox 1264 2343 1347 2399; x_wconf 82' lang='lat' dir='ltr'><strong>super</strong></span> <span class='ocrx_word' id='word_1_199' title='bbox 1373 2327 1495 2399; x_wconf 72' lang='lat' dir='ltr'><strong>prolatis</strong></span> <span class='ocrx_word' id='word_1_200' title='bbox 1518 2335 1546 2383; x_wconf 91' lang='lat' dir='ltr'><strong>et</strong></span> 
     </span>
     <span class='ocr_line' id='line_1_20' title="bbox 255 2408 1546 2484; baseline 0.003 -21"><span class='ocrx_word' id='word_1_201' title='bbox 255 2408 313 2466; x_wconf 88' lang='lat' dir='ltr'><strong>aliis</strong></span> <span class='ocrx_word' id='word_1_202' title='bbox 335 2410 482 2467; x_wconf 87' lang='lat' dir='ltr'><strong>utilitatem</strong></span> <span class='ocrx_word' id='word_1_203' title='bbox 506 2411 649 2484; x_wconf 91' lang='lat' dir='ltr'><strong>utriusque</strong></span> <span class='ocrx_word' id='word_1_204' title='bbox 672 2412 802 2484; x_wconf 90' lang='lat' dir='ltr'><strong>principis</strong></span> <span class='ocrx_word' id='word_1_205' title='bbox 824 2410 1053 2466; x_wconf 81' lang='lat' dir='ltr'><strong>concernentibus</strong></span> <span class='ocrx_word' id='word_1_206' title='bbox 1076 2408 1204 2464; x_wconf 88' lang='lat' dir='ltr'><strong>normulla</strong></span> <span class='ocrx_word' id='word_1_207' title='bbox 1229 2409 1418 2465; x_wconf 87' lang='lat' dir='ltr'><strong>tractalnrntur</strong></span> <span class='ocrx_word' id='word_1_208' title='bbox 1439 2420 1466 2467; x_wconf 89' lang='lat' dir='ltr'><strong>et</strong></span> <span class='ocrx_word' id='word_1_209' title='bbox 1481 2429 1546 2466; x_wconf 88' lang='lat' dir='ltr'><strong>con·</strong></span> 
     </span>
     <span class='ocr_line' id='line_1_21' title="bbox 223 2494 1544 2569; baseline 0.002 -20"><span class='ocrx_word' id='word_1_210' title='bbox 223 2494 413 2558; x_wconf 70' lang='lat' dir='ltr'><strong>recludentur,</strong></span> <span class='ocrx_word' id='word_1_211' title='bbox 438 2513 499 2569; x_wconf 74' lang='lat' dir='ltr'><strong>quac</strong></span> <span class='ocrx_word' id='word_1_212' title='bbox 523 2496 549 2551; x_wconf 91' lang='lat' dir='ltr'><strong>in</strong></span> <span class='ocrx_word' id='word_1_213' title='bbox 573 2496 705 2551; x_wconf 86' lang='lat' dir='ltr'><strong>bonorem</strong></span> <span class='ocrx_word' id='word_1_214' title='bbox 729 2504 755 2550; x_wconf 88' lang='lat' dir='ltr'><strong>et</strong></span> <span class='ocrx_word' id='word_1_215' title='bbox 778 2512 832 2550; x_wconf 80' lang='lat' dir='ltr'><strong>rnna</strong></span> <span class='ocrx_word' id='word_1_216' title='bbox 856 2495 987 2552; x_wconf 81' lang='lat' dir='ltr'><strong>modicam</strong></span> <span class='ocrx_word' id='word_1_217' title='bbox 1011 2494 1203 2550; x_wconf 81' lang='lat' dir='ltr'><strong>exaltacionent</strong></span> <span class='ocrx_word' id='word_1_218' title='bbox 1226 2511 1320 2549; x_wconf 90' lang='lat' dir='ltr'><strong>eororn</strong></span> <span class='ocrx_word' id='word_1_219' title='bbox 1343 2496 1448 2552; x_wconf 82' lang='lat' dir='ltr'><strong>corlent.</strong></span> <span class='ocrx_word' id='word_1_220' title='bbox 1472 2496 1544 2557; x_wconf 79' lang='lat' dir='ltr'><strong>Vale.</strong></span> 
     </span>
     <span class='ocr_line' id='line_1_22' title="bbox 256 2578 1162 2652; baseline -0.001 -19"><span class='ocrx_word' id='word_1_221' title='bbox 256 2587 281 2634; x_wconf 86' lang='lat' dir='ltr'><strong>ct</strong></span> <span class='ocrx_word' id='word_1_222' title='bbox 302 2596 345 2636; x_wconf 84' lang='lat' dir='ltr'><strong>ore</strong></span> <span class='ocrx_word' id='word_1_223' title='bbox 367 2588 398 2635; x_wconf 91' lang='lat' dir='ltr'><strong>ut</strong></span> <span class='ocrx_word' id='word_1_224' title='bbox 421 2580 494 2636; x_wconf 88' lang='lat' dir='ltr'><strong>soles</strong></span> <span class='ocrx_word' id='word_1_225' title='bbox 517 2598 584 2636; x_wconf 82' lang='lat' dir='ltr'><strong>ania.</strong></span> <span class='ocrx_word' id='word_1_226' title='bbox 617 2580 741 2642; x_wconf 82' lang='lat' dir='ltr'><strong>Parisiis,</strong></span> <span class='ocrx_word' id='word_1_227' title='bbox 764 2580 807 2635; x_wconf 88' lang='lat' dir='ltr'><strong>‹lie</strong></span> <span class='ocrx_word' id='word_1_228' title='bbox 830 2580 904 2634; x_wconf 79' lang='lat' dir='ltr'><strong>xttr.</strong></span> <span class='ocrx_word' id='word_1_229' title='bbox 928 2580 1029 2634; x_wconf 86' lang='lat' dir='ltr'><strong>niensis</strong></span> <span class='ocrx_word' id='word_1_230' title='bbox 1053 2578 1162 2652; x_wconf 79' lang='lat' dir='ltr'><strong>Aprilis.</strong></span> 
     </span>
     <span class='ocr_line' id='line_1_23' title="bbox 803 2662 1460 2737; baseline 0.003 -18"><span class='ocrx_word' id='word_1_231' title='bbox 803 2664 877 2719; x_wconf 82' lang='lat' dir='ltr'><strong>Tuus</strong></span> <span class='ocrx_word' id='word_1_232' title='bbox 901 2672 1027 2737; x_wconf 76' lang='lat' dir='ltr'><strong>tanlquam</strong></span> <span class='ocrx_word' id='word_1_233' title='bbox 1051 2665 1135 2719; x_wconf 84' lang='lat' dir='ltr'><strong>irater</strong></span> <span class='ocrx_word' id='word_1_234' title='bbox 1157 2671 1185 2718; x_wconf 90' lang='lat' dir='ltr'><strong>et</strong></span> <span class='ocrx_word' id='word_1_235' title='bbox 1208 2662 1337 2720; x_wconf 86' lang='lat' dir='ltr'><strong>intbinius</strong></span> <span class='ocrx_word' id='word_1_236' title='bbox 1359 2666 1460 2721; x_wconf 85' lang='lat' dir='ltr'><strong>auricus</strong></span> 
     </span>
     <span class='ocr_line' id='line_1_24' title="bbox 1048 2748 1224 2822; baseline -0.006 -19"><span class='ocrx_word' id='word_1_237' title='bbox 1048 2749 1077 2803; x_wconf 86' lang='lat' dir='ltr'><strong>ll.</strong></span> <span class='ocrx_word' id='word_1_238' title='bbox 1100 2748 1224 2822; x_wconf 86' lang='lat' dir='ltr'><strong>Deprato.</strong></span> 
     </span>
    </p>
   </div>
   <div class='ocr_carea' id='block_1_3' title="bbox 250 2927 1543 3756">
    <p class='ocr_par' dir='ltr' id='par_1_3' title="bbox 250 2927 1543 3756">
     <span class='ocr_line' id='line_1_25' title="bbox 318 2927 1543 2995; baseline 0.001 -14"><span class='ocrx_word' id='word_1_239' title='bbox 318 2929 328 2962; x_wconf 83' lang='lat'><strong>¹</strong></span> <span class='ocrx_word' id='word_1_240' title='bbox 343 2933 410 2995; x_wconf 77' lang='lat' dir='ltr'><strong>sort.</strong></span> <span class='ocrx_word' id='word_1_241' title='bbox 433 2931 588 2981; x_wconf 85' lang='lat' dir='ltr'><strong>marchioni</strong></span> <span class='ocrx_word' id='word_1_242' title='bbox 614 2938 673 2981; x_wconf 83' lang='lat' dir='ltr'><strong>ante</strong></span> <span class='ocrx_word' id='word_1_243' title='bbox 700 2930 831 2980; x_wconf 83' lang='lat' dir='ltr'><strong>Branrlib.</strong></span> <span class='ocrx_word' id='word_1_244' title='bbox 854 2932 959 2980; x_wconf 73' lang='lat' dir='ltr'><strong>excidit.</strong></span> <span class='ocrx_word' id='word_1_245' title='bbox 1042 2927 1219 2978; x_wconf 82' lang='lat' dir='ltr'><strong>⁴Omisimus</strong></span> <span class='ocrx_word' id='word_1_246' title='bbox 1243 2930 1276 2979; x_wconf 77' lang='lat' dir='ltr'><strong>ile</strong></span> <span class='ocrx_word' id='word_1_247' title='bbox 1304 2931 1478 2981; x_wconf 77' lang='lat' dir='ltr'><strong>matrimonio</strong></span> <span class='ocrx_word' id='word_1_248' title='bbox 1504 2932 1543 2983; x_wconf 93' lang='lat' dir='ltr'><strong>lo·</strong></span> 
     </span>
     <span class='ocr_line' id='line_1_26' title="bbox 255 3012 1543 3082; baseline 0.002 -18"><span class='ocrx_word' id='word_1_249' title='bbox 255 3030 322 3065; x_wconf 90' lang='lat' dir='ltr'><strong>cum.</strong></span> <span class='ocrx_word' id='word_1_250' title='bbox 391 3016 486 3081; x_wconf 69' lang='lat' dir='ltr'><strong>&#39;egre</strong></span> <span class='ocrx_word' id='word_1_251' title='bbox 505 3017 538 3065; x_wconf 87' lang='lat' dir='ltr'><strong>L.</strong></span> <span class='ocrx_word' id='word_1_252' title='bbox 608 3012 727 3080; x_wconf 69' lang='lat' dir='ltr'><strong>”quaeq</strong></span> <span class='ocrx_word' id='word_1_253' title='bbox 748 3031 827 3079; x_wconf 90' lang='lat' dir='ltr'><strong>quem</strong></span> <span class='ocrx_word' id='word_1_254' title='bbox 846 3016 878 3063; x_wconf 97' lang='lat' dir='ltr'><strong>L.</strong></span> <span class='ocrx_word' id='word_1_255' title='bbox 949 3012 970 3045; x_wconf 92' lang='lat'><strong>¹⁰</strong></span> <span class='ocrx_word' id='word_1_256' title='bbox 989 3029 1039 3077; x_wconf 85' lang='lat' dir='ltr'><strong>que</strong></span> <span class='ocrx_word' id='word_1_257' title='bbox 1059 3015 1091 3062; x_wconf 90' lang='lat'><strong>1..</strong></span> <span class='ocrx_word' id='word_1_258' title='bbox 1160 3013 1289 3063; x_wconf 88' lang='lat' dir='ltr'><strong>librorum</strong></span> <span class='ocrx_word' id='word_1_259' title='bbox 1309 3013 1340 3062; x_wconf 92' lang='lat' dir='ltr'><strong>L.</strong></span> <span class='ocrx_word' id='word_1_260' title='bbox 1412 3013 1432 3047; x_wconf 80' lang='lat'><strong>¹²</strong></span> <span class='ocrx_word' id='word_1_261' title='bbox 1449 3023 1543 3082; x_wconf 74' lang='lat' dir='ltr'><strong>negot.</strong></span> 
     </span>
     <span class='ocr_line' id='line_1_27' title="bbox 253 3098 1542 3166; baseline 0.003 -19"><span class='ocrx_word' id='word_1_262' title='bbox 253 3100 366 3165; x_wconf 85' lang='lat' dir='ltr'><strong>princip.</strong></span> <span class='ocrx_word' id='word_1_263' title='bbox 391 3098 452 3164; x_wconf 76' lang='lat' dir='ltr'><strong>inb]</strong></span> <span class='ocrx_word' id='word_1_264' title='bbox 481 3100 511 3150; x_wconf 90' lang='lat' dir='ltr'><strong>Id</strong></span> <span class='ocrx_word' id='word_1_265' title='bbox 538 3116 592 3150; x_wconf 88' lang='lat' dir='ltr'><strong>non</strong></span> <span class='ocrx_word' id='word_1_266' title='bbox 615 3100 702 3149; x_wconf 79' lang='lat' dir='ltr'><strong>fuisse</strong></span> <span class='ocrx_word' id='word_1_267' title='bbox 727 3100 846 3158; x_wconf 86' lang='lat' dir='ltr'><strong>ridetur,</strong></span> <span class='ocrx_word' id='word_1_268' title='bbox 876 3105 906 3147; x_wconf 91' lang='lat' dir='ltr'><strong>ut</strong></span> <span class='ocrx_word' id='word_1_269' title='bbox 930 3098 1067 3148; x_wconf 81' lang='lat' dir='ltr'><strong>electores</strong></span> <span class='ocrx_word' id='word_1_270' title='bbox 1094 3099 1274 3148; x_wconf 69' lang='lat' dir='ltr'><strong>Fraus-iseum</strong></span> <span class='ocrx_word' id='word_1_271' title='bbox 1302 3105 1431 3148; x_wconf 82' lang='lat' dir='ltr'><strong>crearent</strong></span> <span class='ocrx_word' id='word_1_272' title='bbox 1458 3102 1542 3166; x_wconf 87' lang='lat' dir='ltr'><strong>impc-</strong></span> 
     </span>
     <span class='ocr_line' id='line_1_28' title="bbox 253 3180 1543 3246; baseline 0.004 -15"><span class='ocrx_word' id='word_1_273' title='bbox 253 3189 383 3246; x_wconf 74' lang='lat' dir='ltr'><strong>rctorem‚</strong></span> <span class='ocrx_word' id='word_1_274' title='bbox 413 3201 477 3234; x_wconf 84' lang='lat' dir='ltr'><strong>nam</strong></span> <span class='ocrx_word' id='word_1_275' title='bbox 504 3183 669 3234; x_wconf 79' lang='lat' dir='ltr'><strong>d.28.1un.</strong></span> <span class='ocrx_word' id='word_1_276' title='bbox 695 3200 719 3232; x_wconf 85' lang='lat' dir='ltr'><strong>a.</strong></span> <span class='ocrx_word' id='word_1_277' title='bbox 742 3182 813 3232; x_wconf 73' lang='lat'>1519.</span> <span class='ocrx_word' id='word_1_278' title='bbox 833 3182 1005 3233; x_wconf 79' lang='lat' dir='ltr'><strong>Corolnmb&#39;.</strong></span> <span class='ocrx_word' id='word_1_279' title='bbox 1028 3180 1146 3230; x_wconf 85' lang='lat' dir='ltr'><strong>electum</strong></span> <span class='ocrx_word' id='word_1_280' title='bbox 1169 3197 1230 3231; x_wconf 85' lang='lat' dir='ltr'><strong>esse</strong></span> <span class='ocrx_word' id='word_1_281' title='bbox 1253 3188 1374 3244; x_wconf 81' lang='lat' dir='ltr'><strong>constet,</strong></span> <span class='ocrx_word' id='word_1_282' title='bbox 1403 3186 1543 3236; x_wconf 82' lang='lat' dir='ltr'><strong>bloltzano</strong></span> 
     </span>
     <span class='ocr_line' id='line_1_29' title="bbox 253 3265 1543 3335; baseline 0.004 -20"><span class='ocrx_word' id='word_1_283' title='bbox 253 3273 342 3318; x_wconf 73' lang='lat' dir='ltr'><strong>sotem</strong></span> <span class='ocrx_word' id='word_1_284' title='bbox 366 3270 554 3321; x_wconf 84' lang='lat' dir='ltr'><strong>cancellarius</strong></span> <span class='ocrx_word' id='word_1_285' title='bbox 572 3271 614 3319; x_wconf 82' lang='lat' dir='ltr'><strong>lle</strong></span> <span class='ocrx_word' id='word_1_286' title='bbox 633 3271 718 3319; x_wconf 80' lang='lat' dir='ltr'><strong>Proto</strong></span> <span class='ocrx_word' id='word_1_287' title='bbox 744 3268 769 3315; x_wconf 83' lang='lat' dir='ltr'><strong>o.</strong></span> <span class='ocrx_word' id='word_1_288' title='bbox 792 3268 898 3316; x_wconf 83' lang='lat' dir='ltr'><strong>demum</strong></span> <span class='ocrx_word' id='word_1_289' title='bbox 916 3266 956 3314; x_wconf 81' lang='lat'><strong>21.</strong></span> <span class='ocrx_word' id='word_1_290' title='bbox 977 3268 1052 3330; x_wconf 70' lang='lat' dir='ltr'><strong>Sept.</strong></span> <span class='ocrx_word' id='word_1_291' title='bbox 1078 3281 1103 3314; x_wconf 84' lang='lat' dir='ltr'><strong>c.</strong></span> <span class='ocrx_word' id='word_1_292' title='bbox 1125 3265 1198 3315; x_wconf 80' lang='grc'><strong>1519.</strong></span> <span class='ocrx_word' id='word_1_293' title='bbox 1224 3283 1256 3315; x_wconf 84' lang='lat' dir='ltr'><strong>ex</strong></span> <span class='ocrx_word' id='word_1_294' title='bbox 1277 3268 1400 3318; x_wconf 76' lang='lat' dir='ltr'><strong>Aneonis</strong></span> <span class='ocrx_word' id='word_1_295' title='bbox 1429 3272 1543 3335; x_wconf 83' lang='lat' dir='ltr'><strong>scripsit</strong></span> 
     </span>
     <span class='ocr_line' id='line_1_30' title="bbox 253 3349 1542 3420; baseline 0.002 -19"><span class='ocrx_word' id='word_1_296' title='bbox 253 3349 346 3412; x_wconf 75' lang='lat' dir='ltr'><strong>(Liscb.</strong></span> <span class='ocrx_word' id='word_1_297' title='bbox 361 3352 537 3420; x_wconf 62' lang='grc' dir='ltr'><strong>ιαμ-315.)</strong></span> <span class='ocrx_word' id='word_1_298' title='bbox 556 3354 683 3417; x_wconf 76' lang='lat' dir='ltr'><strong>„Accepi</strong></span> <span class='ocrx_word' id='word_1_299' title='bbox 701 3353 799 3401; x_wconf 82' lang='lat' dir='ltr'><strong>literas</strong></span> <span class='ocrx_word' id='word_1_300' title='bbox 818 3357 934 3405; x_wconf 79' lang='lat' dir='ltr'><strong>vestros.</strong></span> <span class='ocrx_word' id='word_1_301' title='bbox 955 3366 1055 3414; x_wconf 71' lang='lat' dir='ltr'><strong>ariagne</strong></span> <span class='ocrx_word' id='word_1_302' title='bbox 1074 3350 1183 3414; x_wconf 84' lang='lat' dir='ltr'><strong>quidem</strong></span> <span class='ocrx_word' id='word_1_303' title='bbox 1201 3350 1295 3400; x_wconf 84' lang='lat' dir='ltr'><strong>doloro</strong></span> <span class='ocrx_word' id='word_1_304' title='bbox 1315 3353 1446 3414; x_wconf 82' lang='lat' dir='ltr'><strong>effeetus,</strong></span> <span class='ocrx_word' id='word_1_305' title='bbox 1472 3355 1542 3418; x_wconf 83' lang='lat' dir='ltr'><strong>quod</strong></span> 
     </span>
     <span class='ocr_line' id='line_1_31' title="bbox 252 3434 1542 3503; baseline 0.003 -19"><span class='ocrx_word' id='word_1_306' title='bbox 252 3438 394 3501; x_wconf 83' lang='lat' dir='ltr'><strong>negocium</strong></span> <span class='ocrx_word' id='word_1_307' title='bbox 412 3438 569 3503; x_wconf 86' lang='lat' dir='ltr'><strong>principale</strong></span> <span class='ocrx_word' id='word_1_308' title='bbox 588 3445 645 3486; x_wconf 78' lang='lat' dir='ltr'><strong>tani</strong></span> <span class='ocrx_word' id='word_1_309' title='bbox 665 3437 736 3486; x_wconf 84' lang='lat' dir='ltr'><strong>mele.</strong></span> <span class='ocrx_word' id='word_1_310' title='bbox 757 3437 868 3486; x_wconf 84' lang='lat' dir='ltr'><strong>cecidit.</strong></span> <span class='ocrx_word' id='word_1_311' title='bbox 904 3435 963 3484; x_wconf 82' lang='lat' dir='ltr'><strong>Rex</strong></span> <span class='ocrx_word' id='word_1_312' title='bbox 981 3451 1036 3484; x_wconf 90' lang='lat' dir='ltr'><strong>non</strong></span> <span class='ocrx_word' id='word_1_313' title='bbox 1056 3440 1097 3483; x_wconf 82' lang='lat' dir='ltr'><strong>est</strong></span> <span class='ocrx_word' id='word_1_314' title='bbox 1115 3434 1174 3496; x_wconf 82' lang='lat' dir='ltr'><strong>bic,</strong></span> <span class='ocrx_word' id='word_1_315' title='bbox 1199 3436 1270 3485; x_wconf 81' lang='lat' dir='ltr'><strong>unrle</strong></span> <span class='ocrx_word' id='word_1_316' title='bbox 1294 3436 1404 3486; x_wconf 78' lang='lat' dir='ltr'><strong>litteras</strong></span> <span class='ocrx_word' id='word_1_317' title='bbox 1428 3443 1490 3487; x_wconf 83' lang='lat' dir='ltr'><strong>tues</strong></span> <span class='ocrx_word' id='word_1_318' title='bbox 1516 3440 1542 3487; x_wconf 89' lang='lat' dir='ltr'><strong>ei</strong></span> 
     </span>
     <span class='ocr_line' id='line_1_32' title="bbox 252 3519 1542 3587; baseline 0.003 -19"><span class='ocrx_word' id='word_1_319' title='bbox 252 3523 451 3571; x_wconf 81' lang='lat' dir='ltr'><strong>communicare</strong></span> <span class='ocrx_word' id='word_1_320' title='bbox 470 3539 523 3572; x_wconf 91' lang='lat' dir='ltr'><strong>non</strong></span> <span class='ocrx_word' id='word_1_321' title='bbox 542 3525 618 3587; x_wconf 92' lang='lat' dir='ltr'><strong>potui</strong></span> <span class='ocrx_word' id='word_1_322' title='bbox 633 3560 639 3571; x_wconf 88' lang='lat'><strong><em>.</em></strong></span> <span class='ocrx_word' id='word_1_323' title='bbox 654 3558 660 3571; x_wconf 91' lang='lat'><strong><em>.</em></strong></span> <span class='ocrx_word' id='word_1_324' title='bbox 676 3526 700 3570; x_wconf 89' lang='lat'><strong>.”</strong></span> <span class='ocrx_word' id='word_1_325' title='bbox 719 3523 794 3571; x_wconf 85' lang='lat' dir='ltr'><strong>Idem</strong></span> <span class='ocrx_word' id='word_1_326' title='bbox 814 3520 855 3568; x_wconf 81' lang='lat' dir='ltr'><strong>lle</strong></span> <span class='ocrx_word' id='word_1_327' title='bbox 874 3521 958 3568; x_wconf 80' lang='lat' dir='ltr'><strong>Proto</strong></span> <span class='ocrx_word' id='word_1_328' title='bbox 971 3519 1139 3568; x_wconf 77' lang='lat' dir='ltr'><strong>bloltzanunr</strong></span> <span class='ocrx_word' id='word_1_329' title='bbox 1158 3520 1183 3571; x_wconf 80' lang='lat' dir='ltr'><strong>cl.</strong></span> <span class='ocrx_word' id='word_1_330' title='bbox 1197 3519 1238 3569; x_wconf 83' lang='lat'><strong>31.</strong></span> <span class='ocrx_word' id='word_1_331' title='bbox 1257 3520 1394 3583; x_wconf 74' lang='lat' dir='ltr'><strong>l‘ultimn&#39;)</strong></span> <span class='ocrx_word' id='word_1_332' title='bbox 1413 3521 1542 3572; x_wconf 79' lang='lat' dir='ltr'><strong>Octobris</strong></span> 
     </span>
     <span class='ocr_line' id='line_1_33' title="bbox 251 3603 1541 3671; baseline 0.004 -20"><span class='ocrx_word' id='word_1_333' title='bbox 251 3606 390 3655; x_wconf 82' lang='lat' dir='ltr'><strong>utstatim</strong></span> <span class='ocrx_word' id='word_1_334' title='bbox 408 3613 595 3656; x_wconf 87' lang='lat' dir='ltr'><strong>reverteretur</strong></span> <span class='ocrx_word' id='word_1_335' title='bbox 614 3607 648 3656; x_wconf 80' lang='lat' dir='ltr'><strong>ad</strong></span> <span class='ocrx_word' id='word_1_336' title='bbox 667 3623 759 3671; x_wconf 86' lang='lat' dir='ltr'><strong>regem</strong></span> <span class='ocrx_word' id='word_1_337' title='bbox 774 3605 926 3654; x_wconf 79' lang='lat' dir='ltr'><strong>Galliarum</strong></span> <span class='ocrx_word' id='word_1_338' title='bbox 946 3609 1053 3652; x_wconf 84' lang='lat' dir='ltr'><strong>evocat.</strong></span> <span class='ocrx_word' id='word_1_339' title='bbox 1074 3604 1170 3667; x_wconf 73' lang='lat' dir='ltr'><strong>(Ia&#39;srb.</strong></span> <span class='ocrx_word' id='word_1_340' title='bbox 1184 3608 1200 3653; x_wconf 89' lang='lat' dir='ltr'><strong>t.</strong></span> <span class='ocrx_word' id='word_1_341' title='bbox 1214 3622 1236 3655; x_wconf 80' lang='lat' dir='ltr'><strong>c.</strong></span> <span class='ocrx_word' id='word_1_342' title='bbox 1247 3622 1275 3668; x_wconf 81' lang='lat' dir='ltr'><strong>p.</strong></span> <span class='ocrx_word' id='word_1_343' title='bbox 1289 3603 1359 3667; x_wconf 81' lang='lat' dir='ltr'><strong>att.)</strong></span> <span class='ocrx_word' id='word_1_344' title='bbox 1413 3604 1434 3637; x_wconf 73' lang='lat'><strong>¹⁵</strong></span> <span class='ocrx_word' id='word_1_345' title='bbox 1451 3608 1541 3671; x_wconf 83' lang='lat' dir='ltr'><strong>predi·</strong></span> 
     </span>
     <span class='ocr_line' id='line_1_34' title="bbox 250 3687 1434 3756; baseline 0.003 -20"><span class='ocrx_word' id='word_1_346' title='bbox 250 3688 300 3737; x_wconf 85' lang='lat' dir='ltr'><strong>ctis</strong></span> <span class='ocrx_word' id='word_1_347' title='bbox 318 3690 350 3739; x_wconf 91' lang='lat' dir='ltr'><strong>L.</strong></span> <span class='ocrx_word' id='word_1_348' title='bbox 406 3687 428 3722; x_wconf 78' lang='lat'><strong>¹⁶</strong></span> <span class='ocrx_word' id='word_1_349' title='bbox 446 3691 569 3756; x_wconf 86' lang='lat' dir='ltr'><strong>primcuo</strong></span> <span class='ocrx_word' id='word_1_350' title='bbox 589 3692 620 3740; x_wconf 92' lang='lat' dir='ltr'><strong>L.</strong></span> <span class='ocrx_word' id='word_1_351' title='bbox 651 3691 783 3755; x_wconf 80' lang='lat' dir='ltr'><strong>primario</strong></span> <span class='ocrx_word' id='word_1_352' title='bbox 798 3691 868 3753; x_wconf 76' lang='lat' dir='ltr'><strong>serni</strong></span> <span class='ocrx_word' id='word_1_353' title='bbox 883 3695 979 3753; x_wconf 79' lang='lat' dir='ltr'><strong>poscet.</strong></span> <span class='ocrx_word' id='word_1_354' title='bbox 1028 3688 1048 3719; x_wconf 75' lang='lat'><strong>¹¹⁵</strong></span> <span class='ocrx_word' id='word_1_355' title='bbox 1066 3690 1185 3753; x_wconf 80' lang='lat' dir='ltr'><strong>prelatis</strong></span> <span class='ocrx_word' id='word_1_356' title='bbox 1204 3690 1236 3741; x_wconf 80' lang='lat' dir='ltr'><strong>L.</strong></span> <span class='ocrx_word' id='word_1_357' title='bbox 1288 3688 1311 3721; x_wconf 83' lang='lat'><strong>²⁰</strong></span> <span class='ocrx_word' id='word_1_358' title='bbox 1329 3704 1381 3752; x_wconf 91' lang='lat' dir='ltr'><strong>quc</strong></span> <span class='ocrx_word' id='word_1_359' title='bbox 1400 3690 1434 3739; x_wconf 90' lang='lat' dir='ltr'><strong>L.</strong></span> 
     </span>
    </p>
   </div>
   <div class='ocr_carea' id='block_1_4' title="bbox 0 0 1973 6034">
    <p class='ocr_par' dir='ltr' id='par_1_4' title="bbox 0 0 1973 6034">
     <span class='ocr_line' id='line_1_35' title="bbox 0 0 1973 6034; baseline 0 7"><span class='ocrx_word' id='word_1_360' title='bbox 0 0 1973 6034; x_wconf 95' lang='lat' dir='ltr'><strong> </strong></span> 
     </span>
    </p>
   </div>
  </div>
 </body>
</html>
