<?xml version="1.0" encoding="UTF-8"?>
<!DOCTYPE html PUBLIC "-//W3C//DTD XHTML 1.0 Transitional//EN"
    "http://www.w3.org/TR/xhtml1/DTD/xhtml1-transitional.dtd">
<html xmlns="http://www.w3.org/1999/xhtml" xml:lang="en" lang="en">
 <head>
  <title>
</title>
<meta http-equiv="Content-Type" content="text/html;charset=utf-8" />
  <meta name='ocr-system' content='tesseract 3.04.00' />
  <meta name='ocr-capabilities' content='ocr_page ocr_carea ocr_par ocr_line ocrx_word'/>
</head>
<body>
  <div class='ocr_page' id='page_1' title='image "./ulrichihuttenie11huttgoog_0539.png"; bbox 0 0 3934 6034; ppageno 0'>
   <div class='ocr_carea' id='block_1_1' title="bbox 287 676 1581 745">
    <p class='ocr_par' dir='ltr' id='par_1_1' title="bbox 287 676 1581 745">
     <span class='ocr_line' id='line_1_1' title="bbox 287 676 1581 745; baseline -0.001 -6"><span class='ocrx_word' id='word_1_1' title='bbox 287 690 465 740; x_wconf 73' lang='lat' dir='ltr'><strong>rennues</strong></span> <span class='ocrx_word' id='word_1_2' title='bbox 478 691 527 741; x_wconf 76' lang='lat' dir='ltr'><strong>An</strong></span> <span class='ocrx_word' id='word_1_3' title='bbox 542 689 624 741; x_wconf 76' lang='lat' dir='ltr'><strong>ron.</strong></span> <span class='ocrx_word' id='word_1_4' title='bbox 638 692 660 741; x_wconf 93' lang='lat'><strong>1.</strong></span> <span class='ocrx_word' id='word_1_5' title='bbox 686 688 854 741; x_wconf 62' lang='lat' dir='ltr'><strong>Lxxxurs</strong></span> <span class='ocrx_word' id='word_1_6' title='bbox 868 705 1012 740; x_wconf 62' lang='lat' dir='ltr'><strong>spinosi:</strong></span> <span class='ocrx_word' id='word_1_7' title='bbox 1025 706 1061 740; x_wconf 73' lang='lat' dir='ltr'><strong>n&gt;</strong></span> <span class='ocrx_word' id='word_1_8' title='bbox 1075 705 1168 739; x_wconf 65' lang='lat' dir='ltr'><strong>mian.</strong></span> <span class='ocrx_word' id='word_1_9' title='bbox 1184 706 1218 738; x_wconf 69' lang='grc' dir='ltr'>»ι</span> <span class='ocrx_word' id='word_1_10' title='bbox 1232 705 1352 739; x_wconf 60' lang='lat' dir='ltr'><strong>urens.</strong></span> <span class='ocrx_word' id='word_1_11' title='bbox 1371 705 1396 738; x_wconf 74' lang='lat' dir='ltr'><strong>A.</strong></span> <span class='ocrx_word' id='word_1_12' title='bbox 1414 698 1470 739; x_wconf 79' lang='lat' dir='ltr'><strong>me</strong></span> <span class='ocrx_word' id='word_1_13' title='bbox 1508 676 1581 745; x_wconf 77' lang='grc'><strong>479</strong></span> 
     </span>
    </p>
   </div>
   <div class='ocr_carea' id='block_1_2' title="bbox 271 856 1583 1345">
    <p class='ocr_par' dir='ltr' id='par_1_2' title="bbox 271 856 1583 1345">
     <span class='ocr_line' id='line_1_2' title="bbox 353 856 1583 924; baseline 0.002 -16"><span class='ocrx_word' id='word_1_14' title='bbox 353 856 434 924; x_wconf 81' lang='lat' dir='ltr'><strong>[Cum</strong></span> <span class='ocrx_word' id='word_1_15' title='bbox 457 864 607 924; x_wconf 80' lang='lat' dir='ltr'>sequentes</span> <span class='ocrx_word' id='word_1_16' title='bbox 632 860 666 908; x_wconf 83' lang='lat' dir='ltr'><strong>ad</strong></span> <span class='ocrx_word' id='word_1_17' title='bbox 691 859 862 909; x_wconf 82' lang='lat' dir='ltr'><strong>lonchimum</strong></span> <span class='ocrx_word' id='word_1_18' title='bbox 885 859 1056 908; x_wconf 82' lang='lat' dir='ltr'><strong>Meltzanum</strong></span> <span class='ocrx_word' id='word_1_19' title='bbox 1084 858 1158 907; x_wconf 77' lang='lat' dir='ltr'><strong>elatee</strong></span> <span class='ocrx_word' id='word_1_20' title='bbox 1182 858 1285 908; x_wconf 72' lang='lat' dir='ltr'><strong>litterae</strong></span> <span class='ocrx_word' id='word_1_21' title='bbox 1309 859 1405 909; x_wconf 87' lang='lat' dir='ltr'><strong>itidem</strong></span> <span class='ocrx_word' id='word_1_22' title='bbox 1431 875 1464 908; x_wconf 84' lang='lat' dir='ltr'><strong>ex</strong></span> <span class='ocrx_word' id='word_1_23' title='bbox 1487 859 1583 910; x_wconf 87' lang='lat' dir='ltr'><strong>urehio</strong></span> 
     </span>
     <span class='ocr_line' id='line_1_3' title="bbox 289 942 1581 1009; baseline 0.001 -18"><span class='ocrx_word' id='word_1_24' title='bbox 289 942 430 993; x_wconf 80' lang='lat' dir='ltr'><strong>Guelferb.</strong></span> <span class='ocrx_word' id='word_1_25' title='bbox 450 943 598 1009; x_wconf 63' lang='lat' dir='ltr'><strong>descriptae</strong></span> <span class='ocrx_word' id='word_1_26' title='bbox 616 944 832 1008; x_wconf 73' lang='lat' dir='ltr'><strong>precedentium</strong></span> <span class='ocrx_word' id='word_1_27' title='bbox 853 945 932 1007; x_wconf 83' lang='lat' dir='ltr'><strong>quasi</strong></span> <span class='ocrx_word' id='word_1_28' title='bbox 951 944 1168 992; x_wconf 84' lang='lat' dir='ltr'><strong>conmentarium</strong></span> <span class='ocrx_word' id='word_1_29' title='bbox 1192 948 1337 1006; x_wconf 81' lang='lat' dir='ltr'><strong>preestent,</strong></span> <span class='ocrx_word' id='word_1_30' title='bbox 1362 942 1469 992; x_wconf 73' lang='lat' dir='ltr'><strong>nisenii</strong></span> <span class='ocrx_word' id='word_1_31' title='bbox 1489 948 1581 992; x_wconf 83' lang='lat' dir='ltr'><strong>eutem</strong></span> 
     </span>
     <span class='ocr_line' id='line_1_4' title="bbox 288 1026 1581 1092; baseline 0.001 -17"><span class='ocrx_word' id='word_1_32' title='bbox 288 1026 356 1076; x_wconf 91' lang='lat' dir='ltr'><strong>liber</strong></span> <span class='ocrx_word' id='word_1_33' title='bbox 373 1026 460 1076; x_wconf 88' lang='lat' dir='ltr'><strong>multo</strong></span> <span class='ocrx_word' id='word_1_34' title='bbox 479 1028 568 1077; x_wconf 86' lang='lat' dir='ltr'><strong>minus</strong></span> <span class='ocrx_word' id='word_1_35' title='bbox 587 1043 667 1092; x_wconf 83' lang='lat' dir='ltr'><strong>qumu</strong></span> <span class='ocrx_word' id='word_1_36' title='bbox 687 1034 807 1076; x_wconf 84' lang='lat' dir='ltr'><strong>meretur</strong></span> <span class='ocrx_word' id='word_1_37' title='bbox 825 1026 955 1092; x_wconf 79' lang='lat' dir='ltr'><strong>rulgntus</strong></span> <span class='ocrx_word' id='word_1_38' title='bbox 973 1029 1023 1087; x_wconf 88' lang='lat' dir='ltr'><strong>sit,</strong></span> <span class='ocrx_word' id='word_1_39' title='bbox 1043 1043 1097 1075; x_wconf 88' lang='lat' dir='ltr'><strong>uon</strong></span> <span class='ocrx_word' id='word_1_40' title='bbox 1116 1043 1159 1075; x_wconf 85' lang='lat' dir='ltr'><strong>ure</strong></span> <span class='ocrx_word' id='word_1_41' title='bbox 1178 1029 1307 1076; x_wconf 89' lang='lat' dir='ltr'><strong>contineo</strong></span> <span class='ocrx_word' id='word_1_42' title='bbox 1326 1027 1361 1075; x_wconf 80' lang='lat' dir='ltr'><strong>uli</strong></span> <span class='ocrx_word' id='word_1_43' title='bbox 1381 1027 1489 1075; x_wconf 83' lang='lat' dir='ltr'><strong>illerum</strong></span> <span class='ocrx_word' id='word_1_44' title='bbox 1504 1044 1581 1092; x_wconf 87' lang='lat' dir='ltr'><strong>repe-</strong></span> 
     </span>
     <span class='ocr_line' id='line_1_5' title="bbox 288 1111 1580 1177; baseline -0.001 -17"><span class='ocrx_word' id='word_1_45' title='bbox 288 1112 400 1173; x_wconf 80' lang='lat' dir='ltr'><strong>titione,</strong></span> <span class='ocrx_word' id='word_1_46' title='bbox 426 1117 518 1162; x_wconf 84' lang='lat' dir='ltr'><strong>certus</strong></span> <span class='ocrx_word' id='word_1_47' title='bbox 538 1113 646 1177; x_wconf 81' lang='lat' dir='ltr'><strong>quidem</strong></span> <span class='ocrx_word' id='word_1_48' title='bbox 666 1113 699 1161; x_wconf 80' lang='lat' dir='ltr'><strong>ele</strong></span> <span class='ocrx_word' id='word_1_49' title='bbox 719 1114 811 1177; x_wconf 80' lang='lat' dir='ltr'><strong>gratia</strong></span> <span class='ocrx_word' id='word_1_50' title='bbox 832 1128 922 1161; x_wconf 87' lang='lat' dir='ltr'><strong>eorum</strong></span> <span class='ocrx_word' id='word_1_51' title='bbox 943 1113 989 1175; x_wconf 91' lang='lat' dir='ltr'><strong>qui</strong></span> <span class='ocrx_word' id='word_1_52' title='bbox 1008 1112 1125 1160; x_wconf 85' lang='lat' dir='ltr'><strong>liutteui</strong></span> <span class='ocrx_word' id='word_1_53' title='bbox 1150 1127 1261 1175; x_wconf 90' lang='lat' dir='ltr'><strong>operum</strong></span> <span class='ocrx_word' id='word_1_54' title='bbox 1287 1111 1404 1160; x_wconf 78' lang='lat' dir='ltr'><strong>studiosi</strong></span> <span class='ocrx_word' id='word_1_55' title='bbox 1428 1117 1505 1171; x_wconf 84' lang='lat' dir='ltr'><strong>sunt,</strong></span> <span class='ocrx_word' id='word_1_56' title='bbox 1531 1111 1580 1160; x_wconf 83' lang='lat' dir='ltr'><strong>sed</strong></span> 
     </span>
     <span class='ocr_line' id='line_1_6' title="bbox 271 1195 1581 1262; baseline 0 -18"><span class='ocrx_word' id='word_1_57' title='bbox 271 1204 402 1261; x_wconf 76' lang='lat' dir='ltr'><strong>tsperens</strong></span> <span class='ocrx_word' id='word_1_58' title='bbox 421 1197 507 1246; x_wconf 79' lang='lat' dir='ltr'><strong>etiarn</strong></span> <span class='ocrx_word' id='word_1_59' title='bbox 525 1196 594 1245; x_wconf 88' lang='lat' dir='ltr'><strong>nilril</strong></span> <span class='ocrx_word' id='word_1_60' title='bbox 614 1197 640 1245; x_wconf 86' lang='lat' dir='ltr'><strong>ei</strong></span> <span class='ocrx_word' id='word_1_61' title='bbox 665 1198 803 1261; x_wconf 83' lang='lat' dir='ltr'><strong>ingratum</strong></span> <span class='ocrx_word' id='word_1_62' title='bbox 829 1213 871 1245; x_wconf 88' lang='lat' dir='ltr'><strong>mc</strong></span> <span class='ocrx_word' id='word_1_63' title='bbox 897 1197 991 1245; x_wconf 84' lang='lat' dir='ltr'><strong>fucere</strong></span> <span class='ocrx_word' id='word_1_64' title='bbox 1017 1198 1063 1260; x_wconf 91' lang='lat' dir='ltr'><strong>qui</strong></span> <span class='ocrx_word' id='word_1_65' title='bbox 1086 1195 1120 1244; x_wconf 78' lang='lat' dir='ltr'><strong>ele</strong></span> <span class='ocrx_word' id='word_1_66' title='bbox 1144 1196 1285 1244; x_wconf 84' lang='lat' dir='ltr'><strong>louehimo</strong></span> <span class='ocrx_word' id='word_1_67' title='bbox 1303 1195 1444 1245; x_wconf 80' lang='lat' dir='ltr'><strong>Moltzuuo</strong></span> <span class='ocrx_word' id='word_1_68' title='bbox 1468 1197 1581 1262; x_wconf 79' lang='lat' dir='ltr'><strong>egregie</strong></span> 
     </span>
     <span class='ocr_line' id='line_1_7' title="bbox 289 1278 633 1345; baseline 0 -16"><span class='ocrx_word' id='word_1_69' title='bbox 289 1282 401 1330; x_wconf 80' lang='lat' dir='ltr'><strong>meritus</strong></span> <span class='ocrx_word' id='word_1_70' title='bbox 421 1285 477 1344; x_wconf 84' lang='lat' dir='ltr'><strong>eet,</strong></span> <span class='ocrx_word' id='word_1_71' title='bbox 498 1278 633 1345; x_wconf 82' lang='lat' dir='ltr'><strong>Lisclrio.]</strong></span> 
     </span>
    </p>
   </div>
   <div class='ocr_carea' id='block_1_3' title="bbox 304 1429 1562 1513">
    <p class='ocr_par' dir='ltr' id='par_1_3' title="bbox 304 1429 1562 1513">
     <span class='ocr_line' id='line_1_8' title="bbox 304 1429 1562 1513; baseline 0.013 -33"><span class='ocrx_word' id='word_1_72' title='bbox 304 1446 436 1481; x_wconf 69' lang='lat' dir='ltr'><strong>remens.</strong></span> <span class='ocrx_word' id='word_1_73' title='bbox 789 1434 813 1491; x_wconf 87' lang='lat' dir='ltr'><strong>l.</strong></span> <span class='ocrx_word' id='word_1_74' title='bbox 838 1431 946 1513; x_wconf 81' lang='lat' dir='ltr'><strong>[Liselr.</strong></span> <span class='ocrx_word' id='word_1_75' title='bbox 964 1454 992 1490; x_wconf 84' lang='grc' dir='ltr'><strong>ιι.</strong></span> <span class='ocrx_word' id='word_1_76' title='bbox 1013 1431 1083 1510; x_wconf 73' lang='lat' dir='ltr'><strong>ist]</strong></span> <span class='ocrx_word' id='word_1_77' title='bbox 1271 1429 1474 1496; x_wconf 68' lang='lat' dir='ltr'><strong>l¹·?l¹·&#39;¹³1¹¹¹·lt·</strong></span> <span class='ocrx_word' id='word_1_78' title='bbox 1491 1429 1562 1496; x_wconf 50' lang='grc' dir='ltr'><strong>1ιιι]</strong></span> 
     </span>
    </p>
   </div>
   <div class='ocr_carea' id='block_1_4' title="bbox 291 1499 1581 1513">
    <p class='ocr_par' dir='ltr' id='par_1_4' title="bbox 291 1499 1581 1513">
     <span class='ocr_line' id='line_1_9' title="bbox 291 1499 1581 1513; baseline -0.001 -2"><span class='ocrx_word' id='word_1_79' title='bbox 291 1503 468 1513; x_wconf 79' lang='grc'><strong>---</strong></span> <span class='ocrx_word' id='word_1_80' title='bbox 1195 1499 1581 1511; x_wconf 77' lang='lat'><em>————-—-—.—-—.</em></span> 
     </span>
    </p>
   </div>
   <div class='ocr_carea' id='block_1_5' title="bbox 770 1583 1097 1664">
    <p class='ocr_par' dir='ltr' id='par_1_5' title="bbox 770 1583 1097 1664">
     <span class='ocr_line' id='line_1_10' title="bbox 770 1583 1097 1664; baseline -0.006 -21"><span class='ocrx_word' id='word_1_81' title='bbox 770 1584 986 1664; x_wconf 81' lang='lat' dir='ltr'><strong>[rmuusms</strong></span> <span class='ocrx_word' id='word_1_82' title='bbox 1009 1583 1097 1662; x_wconf 77' lang='lat' dir='ltr'><strong>usu]</strong></span> 
     </span>
    </p>
   </div>
   <div class='ocr_carea' id='block_1_6' title="bbox 238 1721 1582 2876">
    <p class='ocr_par' dir='ltr' id='par_1_6' title="bbox 370 1721 1314 1780">
     <span class='ocr_line' id='line_1_11' title="bbox 370 1721 1314 1780; baseline -0.003 -1"><span class='ocrx_word' id='word_1_83' title='bbox 370 1724 454 1780; x_wconf 80' lang='lat' dir='ltr'><strong>Fiileli</strong></span> <span class='ocrx_word' id='word_1_84' title='bbox 476 1732 504 1779; x_wconf 86' lang='lat' dir='ltr'><strong>et</strong></span> <span class='ocrx_word' id='word_1_85' title='bbox 526 1741 590 1778; x_wconf 83' lang='lat' dir='ltr'><strong>euro</strong></span> <span class='ocrx_word' id='word_1_86' title='bbox 611 1723 696 1778; x_wconf 79' lang='lat' dir='ltr'><strong>nobili</strong></span> <span class='ocrx_word' id='word_1_87' title='bbox 719 1733 815 1779; x_wconf 86' lang='lat' dir='ltr'><strong>nostre</strong></span> <span class='ocrx_word' id='word_1_88' title='bbox 840 1723 972 1778; x_wconf 80' lang='lat' dir='ltr'><strong>loeclrimo</strong></span> <span class='ocrx_word' id='word_1_89' title='bbox 996 1723 1028 1777; x_wconf 82' lang='lat' dir='ltr'><strong>rle</strong></span> <span class='ocrx_word' id='word_1_90' title='bbox 1051 1721 1167 1777; x_wconf 81' lang='lat' dir='ltr'><strong>lloltzan</strong></span> <span class='ocrx_word' id='word_1_91' title='bbox 1191 1721 1314 1778; x_wconf 81' lang='lat' dir='ltr'><strong>salutem.</strong></span> 
     </span>
    </p>

    <p class='ocr_par' dir='ltr' id='par_1_7' title="bbox 238 1806 1582 2220">
     <span class='ocr_line' id='line_1_12' title="bbox 238 1806 1582 1883; baseline 0 -18"><span class='ocrx_word' id='word_1_92' title='bbox 238 1822 281 1865; x_wconf 79' lang='grc' dir='ltr'><strong>,ιι</strong></span> <span class='ocrx_word' id='word_1_93' title='bbox 370 1810 407 1864; x_wconf 77' lang='lat' dir='ltr'><strong>Ex</strong></span> <span class='ocrx_word' id='word_1_94' title='bbox 423 1809 523 1864; x_wconf 85' lang='lat' dir='ltr'><strong>litteris</strong></span> <span class='ocrx_word' id='word_1_95' title='bbox 541 1810 595 1864; x_wconf 86' lang='lat' dir='ltr'><strong>tuis</strong></span> <span class='ocrx_word' id='word_1_96' title='bbox 618 1809 697 1882; x_wconf 80' lang='lat' dir='ltr'><strong>plene</strong></span> <span class='ocrx_word' id='word_1_97' title='bbox 722 1807 917 1869; x_wconf 77' lang='lat' dir='ltr'><strong>intelleximus.</strong></span> <span class='ocrx_word' id='word_1_98' title='bbox 942 1815 1071 1879; x_wconf 82' lang='lat' dir='ltr'><strong>qrmrrtrmr</strong></span> <span class='ocrx_word' id='word_1_99' title='bbox 1094 1808 1190 1868; x_wconf 84' lang='lat' dir='ltr'><strong>studii,</strong></span> <span class='ocrx_word' id='word_1_100' title='bbox 1213 1806 1315 1862; x_wconf 74' lang='lat' dir='ltr'><strong>luituris</strong></span> <span class='ocrx_word' id='word_1_101' title='bbox 1336 1826 1481 1883; x_wconf 69' lang='lat' dir='ltr'><strong>operteque</strong></span> <span class='ocrx_word' id='word_1_102' title='bbox 1504 1828 1582 1865; x_wconf 80' lang='lat' dir='ltr'><strong>umu-</strong></span> 
     </span>
     <span class='ocr_line' id='line_1_13' title="bbox 289 1891 1581 1966; baseline 0.004 -21"><span class='ocrx_word' id='word_1_103' title='bbox 289 1894 369 1955; x_wconf 85' lang='lat' dir='ltr'><strong>reris,</strong></span> <span class='ocrx_word' id='word_1_104' title='bbox 393 1902 423 1948; x_wconf 93' lang='lat' dir='ltr'><strong>ut</strong></span> <span class='ocrx_word' id='word_1_105' title='bbox 447 1911 491 1949; x_wconf 90' lang='lat' dir='ltr'><strong>res</strong></span> <span class='ocrx_word' id='word_1_106' title='bbox 514 1902 623 1949; x_wconf 84' lang='lat' dir='ltr'><strong>nostres</strong></span> <span class='ocrx_word' id='word_1_107' title='bbox 645 1911 695 1966; x_wconf 87' lang='lat' dir='ltr'><strong>pre</strong></span> <span class='ocrx_word' id='word_1_108' title='bbox 720 1893 875 1952; x_wconf 80' lang='lat' dir='ltr'><strong>emnmoele,</strong></span> <span class='ocrx_word' id='word_1_109' title='bbox 900 1892 1018 1946; x_wconf 83' lang='lat' dir='ltr'><strong>utilitate</strong></span> <span class='ocrx_word' id='word_1_110' title='bbox 1040 1900 1066 1947; x_wconf 89' lang='lat' dir='ltr'><strong>ct</strong></span> <span class='ocrx_word' id='word_1_111' title='bbox 1089 1891 1175 1962; x_wconf 76' lang='lat' dir='ltr'><strong>glorie</strong></span> <span class='ocrx_word' id='word_1_112' title='bbox 1196 1901 1289 1948; x_wconf 83' lang='lat' dir='ltr'><strong>nostre</strong></span> <span class='ocrx_word' id='word_1_113' title='bbox 1312 1894 1343 1948; x_wconf 78' lang='lat' dir='ltr'><strong>erl</strong></span> <span class='ocrx_word' id='word_1_114' title='bbox 1367 1894 1457 1949; x_wconf 80' lang='grc' dir='ltr'>Ιιιιιιιιι</span> <span class='ocrx_word' id='word_1_115' title='bbox 1480 1895 1581 1950; x_wconf 76' lang='lat' dir='ltr'><strong>exitum</strong></span> 
     </span>
     <span class='ocr_line' id='line_1_14' title="bbox 290 1976 1581 2053; baseline 0.002 -22"><span class='ocrx_word' id='word_1_116' title='bbox 290 1976 445 2052; x_wconf 78' lang='lat' dir='ltr'><strong>felicemque</strong></span> <span class='ocrx_word' id='word_1_117' title='bbox 476 1979 640 2053; x_wconf 81' lang='lat' dir='ltr'><strong>perducere,</strong></span> <span class='ocrx_word' id='word_1_118' title='bbox 674 1996 724 2050; x_wconf 89' lang='lat' dir='ltr'><strong>pro</strong></span> <span class='ocrx_word' id='word_1_119' title='bbox 748 1996 800 2051; x_wconf 82' lang='lat' dir='ltr'><strong>qun</strong></span> <span class='ocrx_word' id='word_1_120' title='bbox 831 1994 860 2031; x_wconf 88' lang='lat' dir='ltr'><strong>re</strong></span> <span class='ocrx_word' id='word_1_121' title='bbox 887 1976 1001 2031; x_wconf 83' lang='lat' dir='ltr'><strong>inultum</strong></span> <span class='ocrx_word' id='word_1_122' title='bbox 1024 1977 1118 2047; x_wconf 66' lang='lat' dir='ltr'><strong>gratius</strong></span> <span class='ocrx_word' id='word_1_123' title='bbox 1142 1986 1242 2032; x_wconf 72' lang='lat' dir='ltr'><strong>nostre</strong></span> <span class='ocrx_word' id='word_1_124' title='bbox 1273 1985 1298 2030; x_wconf 93' lang='lat' dir='ltr'><strong>te</strong></span> <span class='ocrx_word' id='word_1_125' title='bbox 1321 1980 1500 2050; x_wconf 91' lang='lat' dir='ltr'><strong>promeritum</strong></span> <span class='ocrx_word' id='word_1_126' title='bbox 1522 1997 1581 2034; x_wconf 86' lang='lat' dir='ltr'><strong>esse</strong></span> 
     </span>
     <span class='ocr_line' id='line_1_15' title="bbox 288 2061 1581 2135; baseline 0.002 -20"><span class='ocrx_word' id='word_1_127' title='bbox 288 2061 490 2123; x_wconf 80' lang='lat' dir='ltr'><strong>confirmemus.</strong></span> <span class='ocrx_word' id='word_1_128' title='bbox 520 2063 716 2135; x_wconf 73' lang='lat' dir='ltr'><strong>hortemurque</strong></span> <span class='ocrx_word' id='word_1_129' title='bbox 737 2080 829 2121; x_wconf 81' lang='lat' dir='ltr'><strong>enixe.</strong></span> <span class='ocrx_word' id='word_1_130' title='bbox 854 2069 883 2116; x_wconf 91' lang='lat' dir='ltr'><strong>ut</strong></span> <span class='ocrx_word' id='word_1_131' title='bbox 907 2078 986 2133; x_wconf 90' lang='lat' dir='ltr'><strong>qumu</strong></span> <span class='ocrx_word' id='word_1_132' title='bbox 1009 2078 1065 2115; x_wconf 94' lang='lat' dir='ltr'><strong>rem</strong></span> <span class='ocrx_word' id='word_1_133' title='bbox 1093 2079 1188 2131; x_wconf 70' lang='lat' dir='ltr'><strong>lungun</strong></span> <span class='ocrx_word' id='word_1_134' title='bbox 1215 2061 1375 2117; x_wconf 76' lang='lat' dir='ltr'><strong>dexteritate</strong></span> <span class='ocrx_word' id='word_1_135' title='bbox 1399 2072 1425 2118; x_wconf 90' lang='grc' dir='ltr'><strong>ιι</strong></span> <span class='ocrx_word' id='word_1_136' title='bbox 1450 2063 1581 2118; x_wconf 86' lang='lat' dir='ltr'><strong>imlustriu</strong></span> 
     </span>
     <span class='ocr_line' id='line_1_16' title="bbox 289 2145 1580 2220; baseline 0.001 -20"><span class='ocrx_word' id='word_1_137' title='bbox 289 2147 392 2220; x_wconf 78' lang='lat' dir='ltr'><strong>cupisti</strong></span> <span class='ocrx_word' id='word_1_138' title='bbox 415 2164 512 2219; x_wconf 77' lang='lat' dir='ltr'><strong>ogere.</strong></span> <span class='ocrx_word' id='word_1_139' title='bbox 547 2147 572 2200; x_wconf 92' lang='lat' dir='ltr'><strong>in</strong></span> <span class='ocrx_word' id='word_1_140' title='bbox 599 2147 710 2201; x_wconf 78' lang='lat' dir='ltr'><strong>errnrlem</strong></span> <span class='ocrx_word' id='word_1_141' title='bbox 737 2145 891 2201; x_wconf 78' lang='lat' dir='ltr'><strong>incumbere</strong></span> <span class='ocrx_word' id='word_1_142' title='bbox 925 2163 957 2199; x_wconf 90' lang='lat' dir='ltr'><strong>ne</strong></span> <span class='ocrx_word' id='word_1_143' title='bbox 987 2163 1090 2204; x_wconf 84' lang='lat' dir='ltr'><strong>cesses,</strong></span> <span class='ocrx_word' id='word_1_144' title='bbox 1124 2146 1211 2217; x_wconf 81' lang='lat' dir='ltr'><strong>qrroml</strong></span> <span class='ocrx_word' id='word_1_145' title='bbox 1239 2147 1357 2218; x_wconf 83' lang='lat' dir='ltr'><strong>perlecta</strong></span> <span class='ocrx_word' id='word_1_146' title='bbox 1381 2148 1472 2201; x_wconf 87' lang='lat' dir='ltr'><strong>luerit.</strong></span> <span class='ocrx_word' id='word_1_147' title='bbox 1516 2149 1580 2201; x_wconf 73' lang='lat' dir='ltr'><strong>tlunr</strong></span> 
     </span>
    </p>

    <p class='ocr_par' dir='ltr' id='par_1_8' title="bbox 262 2230 1582 2543">
     <span class='ocr_line' id='line_1_17' title="bbox 262 2230 1582 2305; baseline 0.002 -22"><span class='ocrx_word' id='word_1_148' title='bbox 262 2240 376 2287; x_wconf 77' lang='lat' dir='ltr'><strong>rteutem</strong></span> <span class='ocrx_word' id='word_1_149' title='bbox 399 2233 431 2286; x_wconf 80' lang='lat' dir='ltr'><strong>ml</strong></span> <span class='ocrx_word' id='word_1_150' title='bbox 455 2249 505 2287; x_wconf 92' lang='lat' dir='ltr'><strong>nos</strong></span> <span class='ocrx_word' id='word_1_151' title='bbox 526 2240 551 2285; x_wconf 86' lang='lat' dir='ltr'><strong>te</strong></span> <span class='ocrx_word' id='word_1_152' title='bbox 572 2231 721 2305; x_wconf 70' lang='lat' dir='ltr'><strong>receperis,</strong></span> <span class='ocrx_word' id='word_1_153' title='bbox 739 2231 875 2302; x_wconf 77' lang='lat' dir='ltr'><strong>intelliges</strong></span> <span class='ocrx_word' id='word_1_154' title='bbox 892 2230 917 2286; x_wconf 91' lang='lat' dir='ltr'><strong>in</strong></span> <span class='ocrx_word' id='word_1_155' title='bbox 934 2247 995 2284; x_wconf 92' lang='lat' dir='ltr'><strong>eum</strong></span> <span class='ocrx_word' id='word_1_156' title='bbox 1012 2230 1160 2302; x_wconf 84' lang='lat' dir='ltr'><strong>principem</strong></span> <span class='ocrx_word' id='word_1_157' title='bbox 1178 2238 1203 2283; x_wconf 87' lang='lat' dir='ltr'><strong>te</strong></span> <span class='ocrx_word' id='word_1_158' title='bbox 1219 2247 1328 2302; x_wconf 84' lang='lat' dir='ltr'><strong>operum</strong></span> <span class='ocrx_word' id='word_1_159' title='bbox 1345 2232 1517 2305; x_wconf 79' lang='lat' dir='ltr'><strong>studiumque</strong></span> <span class='ocrx_word' id='word_1_160' title='bbox 1535 2233 1582 2286; x_wconf 93' lang='lat' dir='ltr'><strong>im·</strong></span> 
     </span>
     <span class='ocr_line' id='line_1_18' title="bbox 291 2313 1581 2389; baseline 0.002 -21"><span class='ocrx_word' id='word_1_161' title='bbox 291 2317 429 2388; x_wconf 82' lang='lat' dir='ltr'><strong>pendisse,</strong></span> <span class='ocrx_word' id='word_1_162' title='bbox 457 2316 503 2389; x_wconf 88' lang='lat' dir='ltr'><strong>qui</strong></span> <span class='ocrx_word' id='word_1_163' title='bbox 533 2323 559 2369; x_wconf 93' lang='lat' dir='ltr'><strong>et</strong></span> <span class='ocrx_word' id='word_1_164' title='bbox 582 2323 680 2389; x_wconf 79' lang='lat' dir='ltr'><strong>strepte</strong></span> <span class='ocrx_word' id='word_1_165' title='bbox 704 2317 813 2388; x_wconf 80' lang='lat' dir='ltr'><strong>iugenio</strong></span> <span class='ocrx_word' id='word_1_166' title='bbox 839 2315 872 2369; x_wconf 76' lang='lat' dir='ltr'><strong>ile</strong></span> <span class='ocrx_word' id='word_1_167' title='bbox 894 2332 923 2369; x_wconf 85' lang='lat' dir='ltr'><strong>se</strong></span> <span class='ocrx_word' id='word_1_168' title='bbox 951 2315 1156 2369; x_wconf 81' lang='lat' dir='ltr'><strong>benemerentes</strong></span> <span class='ocrx_word' id='word_1_169' title='bbox 1180 2313 1329 2369; x_wconf 83' lang='lat' dir='ltr'><strong>lilremliter</strong></span> <span class='ocrx_word' id='word_1_170' title='bbox 1350 2333 1523 2370; x_wconf 84' lang='lat' dir='ltr'><strong>remunerere</strong></span> <span class='ocrx_word' id='word_1_171' title='bbox 1554 2324 1581 2371; x_wconf 89' lang='lat' dir='ltr'><strong>ct</strong></span> 
     </span>
     <span class='ocr_line' id='line_1_19' title="bbox 291 2398 1582 2474; baseline 0.002 -22"><span class='ocrx_word' id='word_1_172' title='bbox 291 2399 343 2455; x_wconf 83' lang='lat' dir='ltr'><strong>rult</strong></span> <span class='ocrx_word' id='word_1_173' title='bbox 371 2410 399 2456; x_wconf 91' lang='lat' dir='ltr'><strong>et</strong></span> <span class='ocrx_word' id='word_1_174' title='bbox 423 2408 524 2473; x_wconf 86' lang='lat' dir='ltr'><strong>potest.</strong></span> <span class='ocrx_word' id='word_1_175' title='bbox 570 2400 647 2467; x_wconf 78' lang='lat' dir='ltr'><strong>Quod</strong></span> <span class='ocrx_word' id='word_1_176' title='bbox 673 2410 799 2474; x_wconf 84' lang='lat' dir='ltr'><strong>superest</strong></span> <span class='ocrx_word' id='word_1_177' title='bbox 821 2417 871 2473; x_wconf 90' lang='lat' dir='ltr'><strong>pro</strong></span> <span class='ocrx_word' id='word_1_178' title='bbox 895 2399 1075 2472; x_wconf 82' lang='lat' dir='ltr'><strong>responsione</strong></span> <span class='ocrx_word' id='word_1_179' title='bbox 1103 2398 1133 2452; x_wconf 81' lang='lat' dir='ltr'><strong>eil</strong></span> <span class='ocrx_word' id='word_1_180' title='bbox 1158 2407 1217 2452; x_wconf 81' lang='lat' dir='ltr'><strong>tues</strong></span> <span class='ocrx_word' id='word_1_181' title='bbox 1247 2398 1352 2460; x_wconf 81' lang='lat' dir='ltr'><strong>literas,</strong></span> <span class='ocrx_word' id='word_1_182' title='bbox 1387 2401 1456 2453; x_wconf 85' lang='lat' dir='ltr'><strong>scies</strong></span> <span class='ocrx_word' id='word_1_183' title='bbox 1478 2419 1510 2456; x_wconf 89' lang='grc' dir='ltr'><strong>ιιι</strong></span> <span class='ocrx_word' id='word_1_184' title='bbox 1534 2418 1582 2454; x_wconf 91' lang='lat' dir='ltr'><strong>no·</strong></span> 
     </span>
     <span class='ocr_line' id='line_1_20' title="bbox 290 2482 1351 2543; baseline 0.002 -7"><span class='ocrx_word' id='word_1_185' title='bbox 290 2486 352 2539; x_wconf 84' lang='lat' dir='ltr'><strong>stris</strong></span> <span class='ocrx_word' id='word_1_186' title='bbox 376 2484 533 2540; x_wconf 78' lang='lat' dir='ltr'><strong>oratoribus</strong></span> <span class='ocrx_word' id='word_1_187' title='bbox 558 2485 619 2539; x_wconf 87' lang='lat' dir='ltr'><strong>tuis.</strong></span> <span class='ocrx_word' id='word_1_188' title='bbox 664 2485 772 2539; x_wconf 86' lang='lat' dir='ltr'><strong>interim</strong></span> <span class='ocrx_word' id='word_1_189' title='bbox 793 2485 860 2539; x_wconf 77' lang='lat' dir='ltr'><strong>liene</strong></span> <span class='ocrx_word' id='word_1_190' title='bbox 883 2483 948 2537; x_wconf 87' lang='lat' dir='ltr'><strong>mle.</strong></span> <span class='ocrx_word' id='word_1_191' title='bbox 993 2483 1117 2543; x_wconf 79' lang='lat' dir='ltr'><strong>l‘misiis,</strong></span> <span class='ocrx_word' id='word_1_192' title='bbox 1140 2482 1276 2538; x_wconf 76' lang='lat' dir='ltr'><strong>l&#39;elmmrii</strong></span> <span class='ocrx_word' id='word_1_193' title='bbox 1299 2484 1351 2538; x_wconf 78' lang='lat' dir='ltr'><strong>ilie.</strong></span> 
     </span>
    </p>

    <p class='ocr_par' dir='ltr' id='par_1_9' title="bbox 261 2568 1497 2876">
     <span class='ocr_line' id='line_1_21' title="bbox 847 2568 1028 2641; baseline -0.011 -19"><span class='ocrx_word' id='word_1_194' title='bbox 847 2568 1028 2641; x_wconf 74' lang='lat' dir='ltr'><strong>Frenceys</strong></span> 
     </span>
     <span class='ocr_line' id='line_1_22' title="bbox 261 2653 1497 2711; baseline 0.006 -8"><span class='ocrx_word' id='word_1_195' title='bbox 261 2664 284 2703; x_wconf 79' lang='lat' dir='ltr'><strong>eo</strong></span> <span class='ocrx_word' id='word_1_196' title='bbox 1359 2653 1497 2711; x_wconf 81' lang='lat' dir='ltr'><strong>lloliertet.</strong></span> 
     </span>
     <span class='ocr_line' id='line_1_23' title="bbox 506 2735 1156 2808; baseline 0 -17"><span class='ocrx_word' id='word_1_197' title='bbox 506 2739 693 2808; x_wconf 66' lang='lat' dir='ltr'><strong>[Inscriptim]</strong></span> <span class='ocrx_word' id='word_1_198' title='bbox 716 2735 799 2791; x_wconf 76' lang='lat' dir='ltr'><strong>lliileli</strong></span> <span class='ocrx_word' id='word_1_199' title='bbox 821 2745 848 2790; x_wconf 89' lang='lat' dir='ltr'><strong>et</strong></span> <span class='ocrx_word' id='word_1_200' title='bbox 870 2755 933 2791; x_wconf 80' lang='lat' dir='ltr'><strong>euro</strong></span> <span class='ocrx_word' id='word_1_201' title='bbox 953 2736 1037 2790; x_wconf 82' lang='lat' dir='ltr'><strong>nobili</strong></span> <span class='ocrx_word' id='word_1_202' title='bbox 1061 2744 1156 2791; x_wconf 87' lang='lat' dir='ltr'><strong>uestro</strong></span> 
     </span>
     <span class='ocr_line' id='line_1_24' title="bbox 771 2821 1102 2876; baseline 0.003 -1"><span class='ocrx_word' id='word_1_203' title='bbox 771 2821 904 2876; x_wconf 81' lang='lat' dir='ltr'><strong>loeelrimo</strong></span> <span class='ocrx_word' id='word_1_204' title='bbox 925 2822 957 2875; x_wconf 85' lang='grc' dir='ltr'><strong>ιΙι</strong></span> <span class='ocrx_word' id='word_1_205' title='bbox 977 2821 1102 2876; x_wconf 81' lang='lat' dir='ltr'><strong>lloltzun.</strong></span> 
     </span>
    </p>
   </div>
   <div class='ocr_carea' id='block_1_7' title="bbox 307 3153 1582 3236">
    <p class='ocr_par' dir='ltr' id='par_1_10' title="bbox 307 3153 1582 3236">
     <span class='ocr_line' id='line_1_25' title="bbox 307 3153 1582 3236; baseline 0.014 -31"><span class='ocrx_word' id='word_1_206' title='bbox 307 3172 439 3206; x_wconf 78' lang='lat' dir='ltr'><strong>rnnrsue.</strong></span> <span class='ocrx_word' id='word_1_207' title='bbox 782 3156 809 3216; x_wconf 78' lang='grc'><strong>2.</strong></span> <span class='ocrx_word' id='word_1_208' title='bbox 835 3154 944 3235; x_wconf 75' lang='lat' dir='ltr'><strong>[lisele.</strong></span> <span class='ocrx_word' id='word_1_209' title='bbox 963 3178 991 3215; x_wconf 82' lang='grc' dir='ltr'><strong>ιι.</strong></span> <span class='ocrx_word' id='word_1_210' title='bbox 1010 3153 1083 3235; x_wconf 65' lang='lat' dir='ltr'><strong>iss]</strong></span> <span class='ocrx_word' id='word_1_211' title='bbox 1279 3154 1582 3236; x_wconf 47' lang='grc' dir='ltr'><strong>ΗΒΕ-[ΗΜ</strong></span> 
     </span>
    </p>
   </div>
   <div class='ocr_carea' id='block_1_8' title="bbox 290 3224 457 3234">
    <p class='ocr_par' dir='ltr' id='par_1_11' title="bbox 290 3224 457 3234">
     <span class='ocr_line' id='line_1_26' title="bbox 290 3224 457 3234; baseline -0.012 0"><span class='ocrx_word' id='word_1_212' title='bbox 290 3224 457 3234; x_wconf 75' lang='lat'><strong>——-</strong></span> 
     </span>
    </p>
   </div>
   <div class='ocr_carea' id='block_1_9' title="bbox 260 3308 1169 3473">
    <p class='ocr_par' dir='ltr' id='par_1_12' title="bbox 260 3308 1169 3473">
     <span class='ocr_line' id='line_1_27' title="bbox 750 3308 1120 3388; baseline -0.008 -21"><span class='ocrx_word' id='word_1_213' title='bbox 750 3308 928 3388; x_wconf 76' lang='lat' dir='ltr'><strong>[nsromt&#39;s</strong></span> <span class='ocrx_word' id='word_1_214' title='bbox 951 3310 991 3365; x_wconf 83' lang='lat' dir='ltr'><strong>nu</strong></span> <span class='ocrx_word' id='word_1_215' title='bbox 1010 3311 1120 3366; x_wconf 81' lang='grc' dir='ltr'>ΡΙιιΤιι</span> 
     </span>
     <span class='ocr_line' id='line_1_28' title="bbox 260 3406 1169 3473; baseline -0.007 -10"><span class='ocrx_word' id='word_1_216' title='bbox 260 3423 283 3463; x_wconf 77' lang='lat' dir='ltr'><strong>s</strong></span> <span class='ocrx_word' id='word_1_217' title='bbox 703 3407 886 3458; x_wconf 75' lang='lat' dir='ltr'><strong>rosunum</strong></span> <span class='ocrx_word' id='word_1_218' title='bbox 907 3409 955 3457; x_wconf 86' lang='lat' dir='ltr'><strong>nu</strong></span> <span class='ocrx_word' id='word_1_219' title='bbox 975 3406 1169 3473; x_wconf 68' lang='lat' dir='ltr'><strong>uouemus</strong></span> 
     </span>
    </p>
   </div>
   <div class='ocr_carea' id='block_1_10' title="bbox 257 3531 1582 4448">
    <p class='ocr_par' dir='ltr' id='par_1_13' title="bbox 257 3531 1582 4448">
     <span class='ocr_line' id='line_1_29' title="bbox 372 3531 1581 3607; baseline 0.004 -21"><span class='ocrx_word' id='word_1_220' title='bbox 372 3532 518 3587; x_wconf 74' lang='lat' dir='ltr'><strong>carissime</strong></span> <span class='ocrx_word' id='word_1_221' title='bbox 538 3539 566 3585; x_wconf 92' lang='lat' dir='ltr'><strong>et</strong></span> <span class='ocrx_word' id='word_1_222' title='bbox 587 3531 763 3586; x_wconf 83' lang='lat' dir='ltr'><strong>dilectissime</strong></span> <span class='ocrx_word' id='word_1_223' title='bbox 787 3531 871 3585; x_wconf 80' lang='lat' dir='ltr'><strong>enrico</strong></span> <span class='ocrx_word' id='word_1_224' title='bbox 898 3538 1000 3586; x_wconf 84' lang='lat' dir='ltr'><strong>noster.</strong></span> <span class='ocrx_word' id='word_1_225' title='bbox 1045 3531 1204 3603; x_wconf 80' lang='lat' dir='ltr'><strong>Accepimus</strong></span> <span class='ocrx_word' id='word_1_226' title='bbox 1228 3531 1333 3586; x_wconf 74' lang='lat' dir='ltr'><strong>litteras</strong></span> <span class='ocrx_word' id='word_1_227' title='bbox 1363 3542 1437 3594; x_wconf 84' lang='lat' dir='ltr'><strong>tuns.</strong></span> <span class='ocrx_word' id='word_1_228' title='bbox 1468 3553 1581 3607; x_wconf 79' lang='lat' dir='ltr'><strong>quorum</strong></span> 
     </span>
     <span class='ocr_line' id='line_1_30' title="bbox 291 3615 1581 3692; baseline 0.001 -19"><span class='ocrx_word' id='word_1_229' title='bbox 291 3627 412 3674; x_wconf 83' lang='lat' dir='ltr'><strong>tenorem</strong></span> <span class='ocrx_word' id='word_1_230' title='bbox 434 3626 462 3672; x_wconf 88' lang='lat' dir='ltr'><strong>et</strong></span> <span class='ocrx_word' id='word_1_231' title='bbox 485 3624 616 3691; x_wconf 73' lang='lat' dir='ltr'><strong>premeres</strong></span> <span class='ocrx_word' id='word_1_232' title='bbox 642 3616 760 3689; x_wconf 82' lang='lat' dir='ltr'><strong>ipserum</strong></span> <span class='ocrx_word' id='word_1_233' title='bbox 788 3632 854 3687; x_wconf 83' lang='lat' dir='ltr'><strong>ques</strong></span> <span class='ocrx_word' id='word_1_234' title='bbox 876 3615 908 3669; x_wconf 86' lang='lat' dir='ltr'><strong>ml</strong></span> <span class='ocrx_word' id='word_1_235' title='bbox 930 3615 1187 3670; x_wconf 84' lang='lat' dir='ltr'><strong>elrristienissiumm</strong></span> <span class='ocrx_word' id='word_1_236' title='bbox 1211 3617 1310 3687; x_wconf 75' lang='lat' dir='ltr'><strong>Regem</strong></span> <span class='ocrx_word' id='word_1_237' title='bbox 1332 3617 1448 3680; x_wconf 81' lang='lat' dir='ltr'><strong>ilerlisti,</strong></span> <span class='ocrx_word' id='word_1_238' title='bbox 1473 3620 1581 3692; x_wconf 92' lang='lat' dir='ltr'><strong>penitus</strong></span> 
     </span>
     <span class='ocr_line' id='line_1_31' title="bbox 289 3698 1581 3775; baseline 0.001 -18"><span class='ocrx_word' id='word_1_239' title='bbox 289 3702 480 3759; x_wconf 82' lang='lat' dir='ltr'><strong>electurerimus</strong></span> <span class='ocrx_word' id='word_1_240' title='bbox 504 3701 590 3756; x_wconf 83' lang='lat' dir='ltr'><strong>eidem</strong></span> <span class='ocrx_word' id='word_1_241' title='bbox 611 3700 838 3756; x_wconf 80' lang='lat' dir='ltr'><strong>eluistiuuissimo</strong></span> <span class='ocrx_word' id='word_1_242' title='bbox 860 3700 941 3770; x_wconf 77' lang='lat' dir='ltr'><strong>llegi,</strong></span> <span class='ocrx_word' id='word_1_243' title='bbox 966 3698 1159 3755; x_wconf 78' lang='lat' dir='ltr'><strong>illustrissime</strong></span> <span class='ocrx_word' id='word_1_244' title='bbox 1180 3701 1257 3755; x_wconf 82' lang='lat' dir='ltr'><strong>metri</strong></span> <span class='ocrx_word' id='word_1_245' title='bbox 1280 3701 1338 3755; x_wconf 87' lang='lat' dir='ltr'><strong>eius</strong></span> <span class='ocrx_word' id='word_1_246' title='bbox 1358 3710 1385 3756; x_wconf 97' lang='grc' dir='ltr'><strong>ιι</strong></span> <span class='ocrx_word' id='word_1_247' title='bbox 1407 3720 1505 3775; x_wconf 79' lang='lat' dir='ltr'><strong>magno</strong></span> <span class='ocrx_word' id='word_1_248' title='bbox 1527 3721 1581 3766; x_wconf 82' lang='lat' dir='ltr'><strong>uie·</strong></span> 
     </span>
     <span class='ocr_line' id='line_1_32' title="bbox 290 3784 1581 3861; baseline 0.001 -20"><span class='ocrx_word' id='word_1_249' title='bbox 290 3786 392 3858; x_wconf 80' lang='lat' dir='ltr'><strong>gistro,</strong></span> <span class='ocrx_word' id='word_1_250' title='bbox 416 3794 499 3861; x_wconf 90' lang='lat' dir='ltr'><strong>prout</strong></span> <span class='ocrx_word' id='word_1_251' title='bbox 522 3784 690 3858; x_wconf 80' lang='lat' dir='ltr'><strong>postulatus.</strong></span> <span class='ocrx_word' id='word_1_252' title='bbox 736 3785 776 3837; x_wconf 85' lang='lat' dir='ltr'><strong>rix</strong></span> <span class='ocrx_word' id='word_1_253' title='bbox 798 3784 908 3837; x_wconf 81' lang='lat' dir='ltr'><strong>credere</strong></span> <span class='ocrx_word' id='word_1_254' title='bbox 934 3801 1043 3857; x_wconf 86' lang='lat' dir='ltr'><strong>posses,</strong></span> <span class='ocrx_word' id='word_1_255' title='bbox 1074 3793 1202 3857; x_wconf 76' lang='lat' dir='ltr'><strong>quantun</strong></span> <span class='ocrx_word' id='word_1_256' title='bbox 1223 3785 1271 3839; x_wconf 81' lang='lat' dir='ltr'><strong>tilii</strong></span> <span class='ocrx_word' id='word_1_257' title='bbox 1293 3786 1407 3856; x_wconf 78' lang='lat' dir='ltr'><strong>gretiam</strong></span> <span class='ocrx_word' id='word_1_258' title='bbox 1428 3788 1498 3860; x_wconf 83' lang='lat' dir='ltr'><strong>epml</strong></span> <span class='ocrx_word' id='word_1_259' title='bbox 1521 3806 1581 3843; x_wconf 80' lang='lat' dir='ltr'><strong>eris·</strong></span> 
     </span>
     <span class='ocr_line' id='line_1_33' title="bbox 258 3867 1582 3941; baseline 0 -14"><span class='ocrx_word' id='word_1_260' title='bbox 258 3872 347 3927; x_wconf 78' lang='lat' dir='ltr'><strong>todem</strong></span> <span class='ocrx_word' id='word_1_261' title='bbox 370 3871 419 3927; x_wconf 90' lang='lat' dir='ltr'><strong>tibi</strong></span> <span class='ocrx_word' id='word_1_262' title='bbox 437 3869 655 3929; x_wconf 81' lang='lat' dir='ltr'><strong>conciliaverint.</strong></span> <span class='ocrx_word' id='word_1_263' title='bbox 679 3868 718 3923; x_wconf 90' lang='lat' dir='ltr'><strong>uti</strong></span> <span class='ocrx_word' id='word_1_264' title='bbox 740 3867 855 3929; x_wconf 77' lang='lat' dir='ltr'><strong>elarius,</strong></span> <span class='ocrx_word' id='word_1_265' title='bbox 879 3885 939 3922; x_wconf 91' lang='lat' dir='ltr'><strong>cum</strong></span> <span class='ocrx_word' id='word_1_266' title='bbox 960 3867 993 3921; x_wconf 84' lang='lat' dir='ltr'><strong>ml</strong></span> <span class='ocrx_word' id='word_1_267' title='bbox 1016 3886 1066 3922; x_wconf 85' lang='lat' dir='ltr'><strong>uos</strong></span> <span class='ocrx_word' id='word_1_268' title='bbox 1085 3869 1212 3929; x_wconf 80' lang='lat' dir='ltr'><strong>redieris.</strong></span> <span class='ocrx_word' id='word_1_269' title='bbox 1235 3887 1325 3924; x_wconf 84' lang='lat' dir='ltr'><strong>eornm</strong></span> <span class='ocrx_word' id='word_1_270' title='bbox 1350 3869 1495 3941; x_wconf 69' lang='lat' dir='ltr'><strong>intelliges.</strong></span> <span class='ocrx_word' id='word_1_271' title='bbox 1539 3872 1582 3927; x_wconf 93' lang='lat' dir='ltr'><strong>lu·</strong></span> 
     </span>
     <span class='ocr_line' id='line_1_34' title="bbox 288 3952 1580 4027; baseline 0 -16"><span class='ocrx_word' id='word_1_272' title='bbox 288 3955 382 4012; x_wconf 86' lang='lat' dir='ltr'><strong>currrbe</strong></span> <span class='ocrx_word' id='word_1_273' title='bbox 403 3973 472 4026; x_wconf 72' lang='lat' dir='ltr'><strong>rogo</strong></span> <span class='ocrx_word' id='word_1_274' title='bbox 494 3957 519 4009; x_wconf 93' lang='lat' dir='ltr'><strong>iu</strong></span> <span class='ocrx_word' id='word_1_275' title='bbox 543 3973 601 4009; x_wconf 84' lang='lat' dir='ltr'><strong>eum</strong></span> <span class='ocrx_word' id='word_1_276' title='bbox 625 3972 694 4014; x_wconf 87' lang='lat' dir='ltr'><strong>rem.</strong></span> <span class='ocrx_word' id='word_1_277' title='bbox 717 3970 796 4024; x_wconf 86' lang='lat' dir='ltr'><strong>qumu</strong></span> <span class='ocrx_word' id='word_1_278' title='bbox 821 3952 942 4024; x_wconf 76' lang='lat' dir='ltr'><strong>erupisti,</strong></span> <span class='ocrx_word' id='word_1_279' title='bbox 968 3952 1128 4024; x_wconf 78' lang='lat' dir='ltr'><strong>diligenter.</strong></span> <span class='ocrx_word' id='word_1_280' title='bbox 1154 3962 1181 4007; x_wconf 91' lang='lat' dir='ltr'><strong>et</strong></span> <span class='ocrx_word' id='word_1_281' title='bbox 1203 3971 1254 4027; x_wconf 83' lang='lat' dir='ltr'><strong>qua</strong></span> <span class='ocrx_word' id='word_1_282' title='bbox 1276 3954 1375 4009; x_wconf 88' lang='lat' dir='ltr'><strong>solitus</strong></span> <span class='ocrx_word' id='word_1_283' title='bbox 1397 3974 1426 4009; x_wconf 86' lang='lat' dir='ltr'><strong>es</strong></span> <span class='ocrx_word' id='word_1_284' title='bbox 1447 3956 1580 4014; x_wconf 74' lang='lat' dir='ltr'><strong>industria</strong></span> 
     </span>
     <span class='ocr_line' id='line_1_35' title="bbox 288 4036 1580 4113; baseline 0.001 -18"><span class='ocrx_word' id='word_1_285' title='bbox 288 4041 319 4095; x_wconf 80' lang='lat' dir='ltr'><strong>ml</strong></span> <span class='ocrx_word' id='word_1_286' title='bbox 341 4048 428 4095; x_wconf 92' lang='lat' dir='ltr'><strong>totum</strong></span> <span class='ocrx_word' id='word_1_287' title='bbox 452 4040 552 4095; x_wconf 82' lang='lat' dir='ltr'><strong>exitmn</strong></span> <span class='ocrx_word' id='word_1_288' title='bbox 575 4039 724 4112; x_wconf 82' lang='lat' dir='ltr'><strong>perrlueere</strong></span> <span class='ocrx_word' id='word_1_289' title='bbox 746 4055 819 4091; x_wconf 84' lang='lat' dir='ltr'><strong>eure.</strong></span> <span class='ocrx_word' id='word_1_290' title='bbox 864 4036 1004 4109; x_wconf 80' lang='lat' dir='ltr'><strong>Nunquom</strong></span> <span class='ocrx_word' id='word_1_291' title='bbox 1028 4036 1117 4108; x_wconf 79' lang='lat' dir='ltr'><strong>(ererle</strong></span> <span class='ocrx_word' id='word_1_292' title='bbox 1138 4037 1214 4108; x_wconf 85' lang='lat' dir='ltr'><strong>milri)</strong></span> <span class='ocrx_word' id='word_1_293' title='bbox 1237 4038 1332 4093; x_wconf 90' lang='lat' dir='ltr'><strong>melius</strong></span> <span class='ocrx_word' id='word_1_294' title='bbox 1356 4058 1426 4113; x_wconf 89' lang='lat' dir='ltr'><strong>opus</strong></span> <span class='ocrx_word' id='word_1_295' title='bbox 1448 4042 1580 4113; x_wconf 77' lang='lat' dir='ltr'><strong>agendum</strong></span> 
     </span>
     <span class='ocr_line' id='line_1_36' title="bbox 289 4122 1581 4194; baseline 0 -15"><span class='ocrx_word' id='word_1_296' title='bbox 289 4124 406 4180; x_wconf 86' lang='lat' dir='ltr'><strong>lrelmisti</strong></span> <span class='ocrx_word' id='word_1_297' title='bbox 428 4132 455 4179; x_wconf 89' lang='lat' dir='ltr'><strong>et</strong></span> <span class='ocrx_word' id='word_1_298' title='bbox 478 4124 549 4178; x_wconf 77' lang='lat' dir='ltr'><strong>uuile</strong></span> <span class='ocrx_word' id='word_1_299' title='bbox 575 4131 678 4178; x_wconf 82' lang='lat' dir='ltr'><strong>tentum</strong></span> <span class='ocrx_word' id='word_1_300' title='bbox 701 4122 832 4176; x_wconf 80' lang='lat' dir='ltr'><strong>mercedis</strong></span> <span class='ocrx_word' id='word_1_301' title='bbox 854 4129 880 4174; x_wconf 92' lang='lat' dir='ltr'><strong>et</strong></span> <span class='ocrx_word' id='word_1_302' title='bbox 904 4122 1008 4193; x_wconf 85' lang='lat' dir='ltr'><strong>prumrii</strong></span> <span class='ocrx_word' id='word_1_303' title='bbox 1036 4139 1193 4194; x_wconf 78' lang='lat' dir='ltr'><strong>conquirere</strong></span> <span class='ocrx_word' id='word_1_304' title='bbox 1223 4122 1345 4177; x_wconf 75' lang='lat' dir='ltr'><strong>etelreres.</strong></span> <span class='ocrx_word' id='word_1_305' title='bbox 1391 4124 1509 4188; x_wconf 78' lang='lat' dir='ltr'><strong>interea,</strong></span> <span class='ocrx_word' id='word_1_306' title='bbox 1537 4143 1581 4181; x_wconf 78' lang='lat' dir='ltr'><strong>ca-</strong></span> 
     </span>
     <span class='ocr_line' id='line_1_37' title="bbox 289 4205 1362 4269; baseline -0.001 -6"><span class='ocrx_word' id='word_1_307' title='bbox 289 4209 394 4265; x_wconf 87' lang='lat' dir='ltr'><strong>rissimo</strong></span> <span class='ocrx_word' id='word_1_308' title='bbox 414 4209 498 4264; x_wconf 84' lang='lat' dir='ltr'><strong>enrico</strong></span> <span class='ocrx_word' id='word_1_309' title='bbox 522 4215 631 4269; x_wconf 84' lang='lat' dir='ltr'><strong>noster,</strong></span> <span class='ocrx_word' id='word_1_310' title='bbox 655 4206 772 4262; x_wconf 83' lang='lat' dir='ltr'><strong>feliciter</strong></span> <span class='ocrx_word' id='word_1_311' title='bbox 795 4205 859 4260; x_wconf 80' lang='lat' dir='ltr'><strong>vale.</strong></span> <span class='ocrx_word' id='word_1_312' title='bbox 905 4206 1030 4265; x_wconf 78' lang='lat' dir='ltr'><strong>Parisiis.</strong></span> <span class='ocrx_word' id='word_1_313' title='bbox 1053 4205 1096 4259; x_wconf 78' lang='lat' dir='ltr'><strong>elie</strong></span> <span class='ocrx_word' id='word_1_314' title='bbox 1121 4223 1190 4261; x_wconf 87' lang='lat' dir='ltr'><strong>nomi</strong></span> <span class='ocrx_word' id='word_1_315' title='bbox 1214 4206 1362 4262; x_wconf 80' lang='lat' dir='ltr'><strong>Februarii.</strong></span> 
     </span>
     <span class='ocr_line' id='line_1_38' title="bbox 257 4290 1496 4363; baseline 0.009 -26"><span class='ocrx_word' id='word_1_316' title='bbox 257 4302 281 4344; x_wconf 73' lang='lat' dir='ltr'><strong>ts</strong></span> <span class='ocrx_word' id='word_1_317' title='bbox 920 4290 1057 4363; x_wconf 81' lang='lat' dir='ltr'><strong>Tmrqusm</strong></span> <span class='ocrx_word' id='word_1_318' title='bbox 1080 4291 1214 4344; x_wconf 73' lang='lat' dir='ltr'><strong>trituret</strong></span> <span class='ocrx_word' id='word_1_319' title='bbox 1240 4293 1340 4346; x_wconf 79' lang='lat' dir='ltr'><strong>anricus</strong></span> <span class='ocrx_word' id='word_1_320' title='bbox 1366 4293 1496 4348; x_wconf 89' lang='lat' dir='ltr'><strong>intlrimus</strong></span> 
     </span>
     <span class='ocr_line' id='line_1_39' title="bbox 1118 4374 1293 4448; baseline 0.011 -19"><span class='ocrx_word' id='word_1_321' title='bbox 1118 4374 1148 4429; x_wconf 88' lang='lat' dir='ltr'><strong>Il.</strong></span> <span class='ocrx_word' id='word_1_322' title='bbox 1170 4375 1293 4448; x_wconf 88' lang='lat' dir='ltr'><strong>llepmto.</strong></span> 
     </span>
    </p>
   </div>
   <div class='ocr_carea' id='block_1_11' title="bbox 287 4587 1583 4994">
    <p class='ocr_par' dir='ltr' id='par_1_14' title="bbox 287 4587 1583 4994">
     <span class='ocr_line' id='line_1_40' title="bbox 356 4587 1581 4659; baseline 0.001 -15"><span class='ocrx_word' id='word_1_323' title='bbox 356 4594 378 4627; x_wconf 87' lang='lat'><strong>¹⁰</strong></span> <span class='ocrx_word' id='word_1_324' title='bbox 396 4608 535 4659; x_wconf 87' lang='lat' dir='ltr'><strong>opereque</strong></span> <span class='ocrx_word' id='word_1_325' title='bbox 555 4593 586 4642; x_wconf 92' lang='lat' dir='ltr'><strong>L.</strong></span> <span class='ocrx_word' id='word_1_326' title='bbox 642 4589 660 4623; x_wconf 85' lang='lat'><strong>¹¹</strong></span> <span class='ocrx_word' id='word_1_327' title='bbox 680 4591 765 4641; x_wconf 88' lang='lat' dir='ltr'><strong>letum</strong></span> <span class='ocrx_word' id='word_1_328' title='bbox 786 4591 816 4640; x_wconf 99' lang='lat' dir='ltr'><strong>L.</strong></span> <span class='ocrx_word' id='word_1_329' title='bbox 871 4587 892 4622; x_wconf 78' lang='lat'><strong>¹²</strong></span> <span class='ocrx_word' id='word_1_330' title='bbox 911 4591 1002 4654; x_wconf 73' lang='lat' dir='ltr'><strong>gretie</strong></span> <span class='ocrx_word' id='word_1_331' title='bbox 1022 4594 1114 4639; x_wconf 85' lang='lat' dir='ltr'><strong>nostre</strong></span> <span class='ocrx_word' id='word_1_332' title='bbox 1135 4590 1167 4639; x_wconf 94' lang='lat' dir='ltr'><strong>L.</strong></span> <span class='ocrx_word' id='word_1_333' title='bbox 1227 4589 1247 4624; x_wconf 76' lang='lat'><strong>¹⁴</strong></span> <span class='ocrx_word' id='word_1_334' title='bbox 1267 4592 1367 4657; x_wconf 84' lang='lat' dir='ltr'><strong>cepisti</strong></span> <span class='ocrx_word' id='word_1_335' title='bbox 1388 4592 1418 4641; x_wconf 93' lang='lat' dir='ltr'><strong>L.</strong></span> <span class='ocrx_word' id='word_1_336' title='bbox 1488 4591 1581 4645; x_wconf 68' lang='lat' dir='ltr'><strong>rue·</strong></span> 
     </span>
     <span class='ocr_line' id='line_1_41' title="bbox 288 4676 1582 4747; baseline 0.001 -19"><span class='ocrx_word' id='word_1_337' title='bbox 288 4695 350 4744; x_wconf 79' lang='lat' dir='ltr'><strong>guni</strong></span> <span class='ocrx_word' id='word_1_338' title='bbox 369 4678 515 4747; x_wconf 84' lang='lat' dir='ltr'><strong>multorum</strong></span> <span class='ocrx_word' id='word_1_339' title='bbox 533 4691 588 4725; x_wconf 91' lang='lat' dir='ltr'><strong>non</strong></span> <span class='ocrx_word' id='word_1_340' title='bbox 607 4677 684 4739; x_wconf 72' lang='lat' dir='ltr'><strong>regio</strong></span> <span class='ocrx_word' id='word_1_341' title='bbox 703 4690 776 4724; x_wconf 86' lang='lat' dir='ltr'><strong>ruore</strong></span> <span class='ocrx_word' id='word_1_342' title='bbox 791 4676 971 4724; x_wconf 78' lang='lat' dir='ltr'><strong>Franciseum</strong></span> <span class='ocrx_word' id='word_1_343' title='bbox 991 4690 1097 4738; x_wconf 71' lang='lat' dir='ltr'><strong>quemue</strong></span> <span class='ocrx_word' id='word_1_344' title='bbox 1116 4676 1295 4739; x_wconf 75' lang='lat' dir='ltr'><strong>pecuniarum</strong></span> <span class='ocrx_word' id='word_1_345' title='bbox 1315 4677 1349 4725; x_wconf 81' lang='lat' dir='ltr'><strong>nel</strong></span> <span class='ocrx_word' id='word_1_346' title='bbox 1369 4679 1582 4741; x_wconf 80' lang='lat' dir='ltr'><strong>corrumpendos</strong></span> 
     </span>
     <span class='ocr_line' id='line_1_42' title="bbox 287 4758 1583 4825; baseline -0.002 -12"><span class='ocrx_word' id='word_1_347' title='bbox 287 4762 532 4825; x_wconf 81' lang='lat' dir='ltr'><strong>subornondosque</strong></span> <span class='ocrx_word' id='word_1_348' title='bbox 551 4760 675 4810; x_wconf 81' lang='lat' dir='ltr'><strong>homines</strong></span> <span class='ocrx_word' id='word_1_349' title='bbox 699 4759 881 4822; x_wconf 82' lang='lat' dir='ltr'><strong>profusiorem</strong></span> <span class='ocrx_word' id='word_1_350' title='bbox 906 4774 986 4822; x_wconf 82' lang='lat' dir='ltr'><strong>qumu</strong></span> <span class='ocrx_word' id='word_1_351' title='bbox 1011 4760 1044 4807; x_wconf 77' lang='lat' dir='ltr'><strong>erl</strong></span> <span class='ocrx_word' id='word_1_352' title='bbox 1069 4758 1207 4809; x_wconf 82' lang='lat' dir='ltr'><strong>beneficia</strong></span> <span class='ocrx_word' id='word_1_353' title='bbox 1230 4763 1357 4825; x_wconf 77' lang='lat' dir='ltr'><strong>proestitn</strong></span> <span class='ocrx_word' id='word_1_354' title='bbox 1381 4762 1583 4812; x_wconf 79' lang='lat' dir='ltr'><strong>remunerando</strong></span> 
     </span>
     <span class='ocr_line' id='line_1_43' title="bbox 288 4840 1546 4907; baseline 0.001 -11"><span class='ocrx_word' id='word_1_355' title='bbox 288 4847 374 4896; x_wconf 80' lang='lat' dir='ltr'><strong>fuisse</strong></span> <span class='ocrx_word' id='word_1_356' title='bbox 394 4850 514 4895; x_wconf 76' lang='lat' dir='ltr'><strong>constat.</strong></span> <span class='ocrx_word' id='word_1_357' title='bbox 573 4842 594 4875; x_wconf 65' lang='lat'><strong>¹⁸</strong></span> <span class='ocrx_word' id='word_1_358' title='bbox 613 4840 677 4906; x_wconf 85' lang='lat' dir='ltr'><strong>tuis]</strong></span> <span class='ocrx_word' id='word_1_359' title='bbox 696 4846 733 4892; x_wconf 83' lang='lat' dir='ltr'><strong>cic</strong></span> <span class='ocrx_word' id='word_1_360' title='bbox 751 4845 843 4891; x_wconf 82' lang='lat' dir='ltr'><strong>editum</strong></span> <span class='ocrx_word' id='word_1_361' title='bbox 861 4850 907 4890; x_wconf 80' lang='lat' dir='ltr'><strong>est.</strong></span> <span class='ocrx_word' id='word_1_362' title='bbox 933 4860 964 4890; x_wconf 85' lang='lat' dir='ltr'><strong>un</strong></span> <span class='ocrx_word' id='word_1_363' title='bbox 985 4843 1105 4891; x_wconf 75' lang='lat' dir='ltr'><strong>elarius?</strong></span> <span class='ocrx_word' id='word_1_364' title='bbox 1175 4842 1232 4907; x_wconf 81' lang='lat' dir='ltr'><strong>elic]</strong></span> <span class='ocrx_word' id='word_1_365' title='bbox 1250 4862 1299 4893; x_wconf 83' lang='lat' dir='ltr'><strong>mm</strong></span> <span class='ocrx_word' id='word_1_366' title='bbox 1318 4848 1417 4894; x_wconf 75' lang='lat' dir='ltr'><strong>erelieeto</strong></span> <span class='ocrx_word' id='word_1_367' title='bbox 1436 4863 1546 4897; x_wconf 82' lang='lat' dir='ltr'><strong>nrrrrrero.</strong></span> 
     </span>
     <span class='ocr_line' id='line_1_44' title="bbox 354 4925 1429 4994; baseline 0 -15"><span class='ocrx_word' id='word_1_368' title='bbox 354 4930 376 4963; x_wconf 79' lang='lat'><strong>²⁸</strong></span> <span class='ocrx_word' id='word_1_369' title='bbox 395 4930 582 4980; x_wconf 78' lang='lat' dir='ltr'><strong>illustrissime</strong></span> <span class='ocrx_word' id='word_1_370' title='bbox 601 4929 633 4977; x_wconf 88' lang='lat' dir='ltr'><strong>L.</strong></span> <span class='ocrx_word' id='word_1_371' title='bbox 686 4925 708 4958; x_wconf 80' lang='lat'><strong>²⁹</strong></span> <span class='ocrx_word' id='word_1_372' title='bbox 727 4926 889 4991; x_wconf 82' lang='lat' dir='ltr'><strong>postulebus</strong></span> <span class='ocrx_word' id='word_1_373' title='bbox 909 4926 939 4978; x_wconf 91' lang='lat' dir='ltr'><strong>L.</strong></span> <span class='ocrx_word' id='word_1_374' title='bbox 993 4925 1013 4958; x_wconf 83' lang='lat'><strong>³¹</strong></span> <span class='ocrx_word' id='word_1_375' title='bbox 1034 4928 1135 4991; x_wconf 79' lang='lat' dir='ltr'><strong>cepisti</strong></span> <span class='ocrx_word' id='word_1_376' title='bbox 1154 4928 1186 4976; x_wconf 91' lang='lat' dir='ltr'><strong>L.</strong></span> <span class='ocrx_word' id='word_1_377' title='bbox 1239 4927 1261 4959; x_wconf 83' lang='lat'><strong>³³</strong></span> <span class='ocrx_word' id='word_1_378' title='bbox 1280 4931 1378 4994; x_wconf 87' lang='lat' dir='ltr'><strong>premii</strong></span> <span class='ocrx_word' id='word_1_379' title='bbox 1397 4932 1429 4979; x_wconf 84' lang='lat' dir='ltr'><strong>L.</strong></span> 
     </span>
    </p>
   </div>
   <div class='ocr_carea' id='block_1_12' title="bbox 0 0 1972 6034">
    <p class='ocr_par' dir='ltr' id='par_1_15' title="bbox 0 0 1972 6034">
     <span class='ocr_line' id='line_1_45' title="bbox 0 0 1972 6034; baseline 0 1"><span class='ocrx_word' id='word_1_380' title='bbox 0 0 1972 6034; x_wconf 95' lang='lat' dir='ltr'><strong> </strong></span> 
     </span>
    </p>
   </div>
  </div>
 </body>
</html>
