3934 6034
317 684 391 756 406
445 700 603 749 CCCLXII.
623 715 725 749 cnasur
739 716 775 749 no
788 716 950 752 occursuris
964 716 1164 751 sccserrssurs
1179 717 1220 752 er.
1236 718 1261 751 o.
1275 711 1295 754 a.
1310 716 1405 751 arsin.
1422 706 1486 749 isat.

316 878 368 934 boe
391 894 473 933 unum
496 875 553 932 seio
576 873 642 929 nihil
667 872 713 929 illo
736 890 796 929 esse
818 875 992 932 sceleratius:
1015 877 1096 934 babet
1118 877 1218 951 ubique
1241 894 1306 932 suos
1329 875 1528 950 exploratores
1545 872 1616 928 inra-

318 972 376 1025 tos,
398 980 433 1018 ne
456 962 520 1035 quid
542 968 603 1032 agat
627 960 698 1031 qnod
723 958 797 1015 illum
821 960 914 1034 largiat.
959 963 1056 1019 ludicia
1078 962 1291 1019 llelancbtbonis
1313 962 1347 1018 de
1369 961 1496 1017 llutteno
1520 966 1550 1013 et
1564 956 1615 1031 lip-

249 1047 488 1123 §.uplrendorpio
512 1045 572 1101 misi
595 1044 704 1099 Nicolao
726 1045 932 1102 ancodueensi.
978 1047 1041 1104 l'iile
1064 1056 1094 1103 ut
1118 1058 1144 1104 te
1167 1065 1257 1104 serres
1279 1047 1418 1119 integrum
1442 1044 1479 1100 ab
1502 1043 1555 1099 hae
1577 1042 1615 1098 la·

317 1134 416 1190 ctione.
461 1140 553 1186 ruetuo
575 1139 718 1185 cruentum
746 1132 855 1185 exitum.
899 1132 921 1187 si
950 1134 1083 1189 novissem
1115 1134 1222 1206 ingenia
1248 1150 1280 1188 ac
1308 1132 1438 1206 pertidias
1461 1129 1615 1185 Germano·

317 1236 392 1280 runt.
423 1216 505 1273 citius
534 1215 692 1287 migrassem
719 1215 750 1269 ad
774 1215 873 1272 ancas
901 1234 979 1291 quum
1009 1219 1068 1273 bue.
1113 1219 1147 1274 lle
1169 1218 1299 1291 Capitone
1321 1217 1502 1273 reltenrenter
1526 1212 1636 1286 saepi-a

317 1321 379 1364 cor,
410 1301 482 1375 (praed
511 1301 641 1374 deeeptus
670 1299 750 1354 lnrrris
773 1299 954 1375 Eppemlorpii
986 1303 1191 1359 conrnunricarit
1215 1302 1253 1358 illi
1277 1309 1371 1357 nostra
1402 1317 1521 1356 areana:
1555 1315 1616 1354 nam

318 1390 358 1445 sie
380 1395 480 1462 purgat
503 1404 576 1446 sese,
601 1392 631 1440 ut
653 1386 757 1439 auxerit
780 1386 969 1459 suspicionem.
1015 1388 1066 1444 boc
1088 1397 1146 1443 erat
1168 1386 1312 1444 consilium
1326 1387 1564 1445 lutheranorum.
1587 1389 1617 1438 ut

318 1491 360 1529 me
383 1472 463 1528 ruinis
485 1471 670 1526 absterrerent
692 1470 790 1543 ueqrrid
813 1471 959 1528 scriberem
989 1474 1015 1528 in
1037 1473 1199 1528 Lutberum:
1231 1490 1293 1528 narn
1320 1472 1373 1528 boc
1402 1477 1551 1545 sparserat
1578 1467 1619 1524 lu·

318 1575 402 1615 arrues
425 1556 524 1612 Faber:
552 1564 580 1610 at
608 1573 679 1610 nnnc
702 1555 835 1610 butberns
865 1556 960 1612 scribit
989 1559 1015 1612 in
1046 1559 1178 1631 seipsum,
1207 1557 1299 1613 ridens
1327 1575 1385 1613 rem
1415 1555 1472 1612 alio
1503 1569 1618 1627 vergere

319 1660 399 1717 quam
421 1650 543 1715 putarat,
572 1648 600 1695 et
622 1639 721 1695 exoriri
744 1639 874 1713 populum
895 1659 949 1697 non
972 1642 1154 1715 evangelicum
1178 1643 1224 1698 sed
1245 1641 1425 1704 diabolicum,
1458 1658 1526 1697 euru
1549 1639 1649 1694 inte-ts

250 1730 376 1798 §.terito
400 1727 519 1782 omnium
541 1725 674 1781 bonorum
698 1724 858 1780 studiorum.
901 1726 997 1783 Verum
1021 1727 1093 1783 bisce
1115 1729 1149 1783 de
1172 1727 1253 1783 rebus
1277 1728 1327 1783 ianr
1350 1726 1414 1801 plus
1438 1726 1519 1781 satis.
1558 1724 1621 1779 Ger·

321 1821 378 1869 tum
401 1820 443 1868 est
466 1811 529 1866 binc
557 1810 648 1884 aliquo
676 1809 843 1887 demigrare:
872 1811 898 1865 iu
922 1811 1032 1867 Galliam
1062 1813 1161 1868 inuitur
1188 1813 1301 1868 mirilico
1330 1812 1424 1867 studio
1452 1809 1621 1883 magnisque

322 1896 481 1971 promissis.
511 1896 557 1951 sed
590 1903 675 1951 terret
699 1894 750 1950 boc
772 1910 832 1963 rer.
862 1896 933 1967 quod
957 1915 1052 1952 vereor
1074 1914 1107 1953 ue
1129 1897 1216 1972 pariat
1237 1906 1379 1953 errrentarn
1406 1905 1536 1968 stragem
1562 1893 1624 1949 Gal·

320 1982 369 2037 lis:
398 1982 465 2036 adeo
488 1987 536 2036 ‚est
565 1978 739 2053 implacabilis
762 1979 874 2035 casaris
903 1981 1020 2043 anirnus.
1050 1982 1093 2037 cui
1122 1984 1229 2056 penitus
1257 1981 1367 2036 inbrrrrn
1398 1988 1442 2036 est
1472 1968 1509 2035 τὸ
1540 1994 1622 2035 enus

321 2082 435 2124 versu.
480 2065 603 2139 pontifex
627 2065 696 2120 laret
719 2071 746 2118 et
769 2064 814 2136 um
837 2066 907 2137 apud
930 2066 1083 2139 pontificem
1107 2066 1196 2122 valent
1217 2067 1379 2140 plurimum:
1404 2065 1454 2121 sed
1479 2066 1539 2120 rito
1564 2064 1652 2137 pala-¹³

321 2151 463 2208 diatorimn
487 2167 609 2211 arenam.
632 2157 660 2205 et
682 2166 737 2204 uim
758 2148 834 2204 rideo
858 2151 920 2223 qnid
943 2151 1007 2206 mibi
1032 2160 1118 2207 tritanu
1142 2169 1202 2207 esse
1223 2152 1311 2225 possit
1333 2151 1380 2206 ubi
1403 2159 1508 2224 regnat
1524 2149 1624 2205 Aleae·

248 2251 269 2302 t.
281 2239 377 2298 tadcr,
394 2235 565 2309 quiantumris
580 2234 740 2289 dissimulat.
783 2233 913 2307 Cuperem
930 2236 1051 2309 hyemem
1066 2254 1147 2309 agere
1161 2237 1261 2292 Patavii
1277 2254 1307 2291 ac
1323 2235 1461 2297 Venetiae,
1479 2235 1531 2291 sed
1548 2233 1625 2291 illine

322 2338 449 2379 evocarer
472 2321 592 2375 Iterumne.
638 2317 799 2374 haerebimus
822 2318 864 2374 bie
886 2320 918 2375 ad
941 2328 1003 2376 octo
1025 2322 1097 2383 dies,
1126 2322 1221 2377 risibile
1245 2329 1412 2383 statuemus:
1436 2320 1555 2377 interim
1578 2336 1626 2393 ap·

320 2406 428 2482 pmebit
450 2422 505 2478 qim
528 2422 557 2459 se
581 2421 624 2459 res
648 2404 786 2459 inclinent
831 2403 917 2470 Quum
940 2413 1029 2461 autem
1052 2406 1164 2462 subinde
1188 2406 1327 2479 pericliter
1341 2407 1375 2462 de
1391 2407 1466 2468 rita,
1492 2411 1625 2479 superest

321 2501 351 2548 ut
374 2489 422 2547 tibi
445 2490 591 2544 amicorum
613 2488 796 2545 sincerissimo
818 2483 1001 2545 'commendem
1025 2490 1050 2545 id
1074 2491 1145 2563 qrrod
1168 2491 1254 2547 babeo
1276 2491 1486 2552 charissimum,
1519 2501 1654 2546 meme-²·

321 2578 388 2632 riam
411 2574 479 2635 mei,
504 2591 582 2646 (piram
606 2574 731 2647 suspicor
753 2572 845 2630 multis
867 2574 1007 2632 calumniis
1030 2575 1089 2630 lore
1112 2576 1267 2631 obnoxiam:
1292 2577 1328 2630 ita
1352 2575 1441 2630 tutius
1465 2575 1533 2632 vitae
1556 2592 1624 2631 meae

319 2659 508 2735 compendium
532 2658 580 2713 tibi
604 2659 696 2719 mitto.
726 2659 777 2714 boc
799 2667 841 2713 est
863 2650 962 2715 ι’λιάδα
983 2658 1100 2714 sonmo:
1131 2659 1197 2715 nibil
1220 2661 1290 2716 enim
1313 2678 1434 2734 unqrram
1459 2678 1506 2717 me
1529 2668 1624 2716 uatum

322 2757 365 2803 est
388 2744 538 2806 inlclicins;
562 2744 609 2799 sed
632 2744 748 2799 tortasse
771 2744 856 2799 lutnri
880 2754 943 2800 sunt
965 2745 1011 2819 qui
1028 2744 1110 2800 multa
1126 2745 1269 2818 albngent:
1292 2745 1378 2801 τοῦτο
1396 2744 1502 2815 καλῶς
1523 2739 1625 2802 fmus:

322 2841 413 2888 tarrren
436 2828 524 2902 siquid
548 2828 689 2900 coritiugat
711 2828 878 2891 liuuranitus.
907 2830 968 2886 volo
991 2839 1022 2884 nt
1043 2838 1095 2888 400
1117 2830 1213 2886 lloreni
1240 2830 1314 2885 aurei
1345 2830 1401 2885 sint
1425 2830 1469 2885 tui
1495 2871 1624 2885 ......

253 2911 337 2985 sir..¹
352 2956 475 2972 ......
499 2913 534 2968 lle
557 2920 630 2969 statu
652 2932 712 2969 nico
735 2915 804 2969 scias
827 2932 887 2969 curn
911 2933 970 2971 esse
993 2916 1059 2970 satis
1083 2914 1255 2988 perplexum:
1280 2915 1322 2970 bie
1345 2915 1412 2969 milri
1436 2932 1485 2970 res
1502 2924 1546 2971 est
1563 2926 1655 2971 cumas

322 2999 473 3076 ‹leploratis
497 3017 527 3054 ac
550 2997 630 3072 plane
653 2998 746 3060 trariis,
770 3009 946 3073 posteaquam
970 3001 1103 3055 lluttenus
1126 2999 1209 3055 senrel
1233 2999 1315 3072 fregit
1337 2999 1455 3071 glaciem
1483 3000 1626 3056 insaniens

321 3091 348 3143 in
372 3103 422 3142 me.
466 3084 577 3140 llamnat
599 3084 735 3139 Lutberns
758 3083 874 3146 lactum,
898 3085 944 3140 sed
967 3084 1154 3140 llelancbtbon
1177 3085 1244 3140 mire
1267 3085 1323 3139 odit
1339 3084 1510 3141 llnttcnum:
1536 3094 1566 3141 et
1582 3086 1626 3141 isti

322 3171 414 3229 stolidi
439 3170 538 3226 iactant
562 3169 637 3242 qirasi
663 3168 761 3225 bellurn
784 3169 896 3225 lacinus.
940 3170 1071 3225 lluscbius
1094 3169 1186 3226 nescio
1209 3169 1273 3242 quid
1296 3168 1414 3224 cudebat
1438 3169 1468 3224 in
1493 3188 1556 3233 me,
1580 3171 1627 3227 sed

321 3277 335 3313 a
359 3255 563 3312 llelancbtbonc
585 3253 722 3309 eulribitus
745 3262 795 3309 est.
840 3255 867 3309 Si
891 3261 955 3327 peto
978 3254 1095 3314 ltaliam.
1119 3263 1269 3327 sequentur
1290 3271 1332 3309 me
1356 3254 1498 3311 sexcentis
1523 3255 1627 3311 libellis

321 3341 418 3398 luriosi
441 3338 587 3410 evarrgelici
611 3337 781 3395 clamitantes
804 3356 845 3394 me
868 3339 958 3412 preda
979 3348 1138 3412 corruptum
1160 3339 1290 3394 deiecisse
1305 3338 1339 3394 ab
1355 3339 1515 3411 evangelio.
1541 3350 1657 3414 querna

323 3426 395 3482 istud
417 3423 585 3496 euangelium
609 3440 745 3496 nunquam
775 3423 824 3478 sim
855 3424 1009 3496 professum
1039 3424 1062 3478 si
1084 3432 1149 3496 peto
1171 3422 1296 3485 Galliam.
1326 3440 1388 3497 quie
1417 3424 1493 3480 miro
1525 3425 1628 3482 all'eetu

321 3520 364 3566 cst
388 3511 413 3565 in
438 3526 493 3569 me.
517 3507 753 3564 calumniabuntur
775 3527 815 3564 me
837 3509 995 3581 confregisse
1017 3508 1048 3563 ad
1071 3508 1177 3564 bostem
1193 3508 1320 3569 Caesaris.
1343 3517 1372 3564 et
1395 3507 1564 3566 subodorur
1586 3528 1629 3566 re·

265 3597 393 3669 ,spiam
416 3594 503 3650 aulam
525 3582 767 3668 ὖπολουθερίζειν
788 3635 1124 3648 ...............
1146 3592 1183 3647 b'e
1207 3601 1308 3649 temere
1330 3593 1437 3648 scribas
1461 3612 1628 3669 perquem·

322 3681 403 3737 libet:
433 3697 494 3735 narn
516 3678 742 3753 Eppbcmlorpius
765 3688 807 3734 est
830 3679 1004 3749 Argentorati
1028 3687 1055 3733 et
1078 3695 1126 3750 per
1148 3695 1212 3732 suos
1242 3695 1381 3751 eorycreos
1404 3696 1505 3734 omnes
1530 3680 1627 3738 literas

321 3766 476 3840 intercipit.
506 3764 587 3820 bomo
617 3763 650 3818 ad
679 3782 757 3820 onrue
786 3763 875 3821 scelus
904 3774 992 3819 nattis.
1037 3763 1106 3817 bene
1133 3761 1199 3818 vale.
1244 3762 1370 3825 basileae,
1402 3763 1531 3821 Sabbato
1562 3773 1658 3841 postas

321 3851 430 3906 Pascha.

325 3985 527 3997 ...—

387 4068 504 4118 3Πιιίιιε
522 4066 633 4118 Nicolsi
657 4066 870 4131 Sylvaduceusis
894 4065 1017 4114 meminit
1040 4064 1124 4113 etium
1149 4080 1191 4129 ep.
1211 4078 1321 4113 ccccix.
1346 4064 1415 4114 edit.
1441 4067 1538 4133 Lugd.
1566 4069 1628 4121 Bel.

320 4154 330 4184 s
350 4156 391 4204 00,
410 4151 556 4220 Qapjwmi]
576 4154 619 4203 Cf.
634 4169 694 4218 epp.
715 4152 740 4204 d.
756 4153 833 4200 luido
847 4168 871 4199 u.
888 4149 971 4211 1524„
990 4150 1014 4199 b.
1028 4150 1102 4213 Solu.
1119 4146 1233 4209 taetus
1251 4148 1385 4213 imprimis
1399 4167 1444 4215 ep.
1460 4152 1487 4201 d.
1502 4153 1549 4203 ⁴24.
1564 4155 1628 4220 Apr.

321 4258 346 4289 a,
364 4239 434 4289 1528,
455 4256 513 4289 eum
530 4256 571 4305 ep,
586 4240 610 4289 it,
625 4240 650 4287 2,
664 4239 739 4302 Sept..
757 4235 828 4285 1529.
842 4236 879 4284 ibi
897 4235 1032 4283 subiecta.
1079 4231 1090 4262 ⁷
1108 4229 1158 4295 sic]
1172 4232 1195 4280 si
1208 4234 1248 4280 ed.
1265 4231 1338 4282 tota.
1393 4232 1414 4266 ¹⁵
1434 4235 1552 4302 pontid]
1568 4238 1630 4288 Cle-

320 4342 396 4375 mens
415 4326 474 4375 t'll.
495 4326 537 4375 Cf.
559 4342 598 4389 sq.
620 4325 654 4373 ad
672 4322 906 4373 l’irckbeimerum
924 4318 1031 4367 Erasini
1050 4315 1204 4381 clusiolum.
1258 4316 1279 4348 ¹⁷
1297 4318 1415 4381 hyemen
1437 4324 1464 4370 1.
1520 4322 1545 4355 ²¹
1564 4324 1630 4374 llis·

320 4411 524 4461 demmalorum
581 4407 826 4459 eshocbeueerit.
873 4392 1241 4466 ⁸³eirrot.]sublutherizare.
1288 4400 1501 4469 ⁸⁴„C0ryeaeus
1516 4409 1629 4460 sirscul·

320 4499 417 4558 tavit'’‚
437 4496 605 4559 Κωρυκαῖος
624 4483 787 4561 η’κροάζετο,
808 4491 835 4538 iu
854 4488 1007 4554 prouerbio,
1028 4502 1087 4536 cum
1107 4486 1167 4550 qrais
1180 4500 1311 4535 arcanum
1324 4503 1355 4538 se
1369 4490 1468 4543 dicere
1481 4494 1531 4544 vel
1545 4510 1631 4560 agere

320 4586 437 4649 opinans
456 4597 508 4631 raon
529 4580 602 4631 fallit
621 4579 744 4629 curiosos
757 4574 980 4640 ‹leprebensor·es.
995 4572 1095 4621 Zenob.
1110 4570 1155 4618 lv.
1169 4568 1210 4619 75.

800 4841 1113 4856 *a
