3934 6034
331 684 404 756 266
502 699 697 754 ΟΟΟΧΧΧΙΙΙ.
712 716 831 753 onosma
844 719 947 754 nansia
961 719 1104 755 nnvnnsvs
1118 720 1290 755 nsnsnotsns
1305 720 1436 754 nvnneut.

329 890 413 933 rosus
434 876 558 932 animus.
602 874 749 948 *proinde
769 892 835 935 cum
855 879 957 935 multos
974 879 1137 936 lacessierit
1157 878 1282 936 uiucbac
1302 879 1398 935 acidis
1418 878 1535 947 libellis,
1559 893 1614 935 nec

329 979 406 1035 idtus
427 978 509 1035 illum
528 976 669 1035 betolenus
690 994 828 1052 responso
850 979 989 1052 diqnntns
1010 982 1061 1052 sit,
1090 987 1119 1038 et
1142 980 1197 1039 boc
1223 980 1342 1038 tectioris
1366 978 1447 1051 seret
1471 996 1490 1036 a
1518 987 1614 1037 uetere

330 1081 433 1137 amica.
481 1079 593 1138 Precor
615 1085 724 1150 aulem,
757 1084 861 1155 optimc
889 1084 988 1153 lector,
1014 1090 1046 1140 at
1071 1082 1119 1141 bic
1143 1088 1170 1140 tc
1197 1082 1270 1140 mibi
1290 1081 1430 1156 prabcas
1456 1089 1614 1140 attentum:

331 1183 520 1255 nequeenim
541 1188 568 1240 te
587 1185 675 1257 cupio
696 1190 792 1241 testem
814 1186 899 1242 mado
921 1185 1008 1242 icilius
1028 1186 1266 1251 coridictutionis,
1288 1201 1386 1243 oerum
1406 1186 1493 1243 etlam
1506 1184 1614 1256 coqui-

275 1288 318 1340 §.n
330 1292 420 1343 torem
442 1300 479 1342 ac
498 1284 633 1343 indicem.
676 1284 797 1343 *lluius
819 1288 973 1359 truqadia
988 1287 1162 1360 procamium
1184 1286 1253 1344 ltinc
1273 1289 1380 1356 extitit,
1402 1286 1482 1359 quod
1501 1285 1635 1343 Halm-⁵

329 1403 469 1445 nuscum
493 1386 644 1445 Basiliam
673 1388 851 1455 aduenisset,
884 1406 941 1446 reon
968 1397 1012 1447 cst
1038 1390 1183 1446 riclinissus
1207 1388 1250 1445 ad
1272 1396 1400 1446 nostrum
1427 1389 1612 1459 colloquium.

328 1506 365 1547 nc
394 1489 474 1547 dictu
500 1491 620 1561 mirum,
650 1507 737 1562 quam
764 1498 877 1549 atroces
903 1492 972 1549 binc
997 1499 1118 1549 conetur
1141 1493 1275 1549 cacitarc
1298 1493 1442 1549 tumultus.
1486 1490 1540 1548 sed
1560 1490 1614 1547 lios

326 1590 425 1663 sumas
445 1593 554 1650 omneis
573 1593 707 1651 discutiet
725 1583 859 1652 ueritatis*
875 1596 1002 1668 simplet
1022 1611 1059 1651 ac
1082 1593 1214 1651 dilucida
1234 1596 1385 1651 raaratio:
1417 1592 1534 1650 uerbum
1553 1609 1611 1650 non

273 1681 520 1767 §.t-nsfinqcturs'
540 1711 589 1752 333
609 1697 686 1753 enim
713 1697 756 1755 sic
778 1696 880 1755 babet:
916 1696 1063 1754 ilenricns
1084 1695 1347 1769 Eppbendorpius,
1376 1698 1428 1769 qui
1447 1678 1558 1769 quoties
1580 1697 1612 1753 in

328 1797 383 1854 boc
406 1804 579 1869 arqumcnto
605 1797 677 1856 mibi
696 1798 902 1870 nominabitur,
929 1799 1048 1857 lionoris
1069 1814 1161 1856 caran
1183 1799 1387 1869 nominabitur,
1416 1798 1531 1871 prinuis
1553 1796 1609 1854 ob·
1622 1806 1646 1845 1⁰

328 1900 477 1957 nunciavit
496 1898 653 1958 Haltenurn
674 1916 736 1958 esse
754 1899 893 1958 basilea·
942 1901 997 1960 boc
1018 1902 1115 1959 statim
1138 1900 1326 1960 exhilaratus
1347 1903 1454 1959 utentia
1478 1915 1611 1974 percon-

328 2003 389 2060 tari
405 2003 482 2076 ciepi
502 2002 575 2074 quid
595 2002 717 2072 ctulcret,
738 2003 845 2076 ecquid
864 2009 925 2060 tuta
944 2006 1058 2073 ornriia,
1083 2020 1153 2062 nium
1177 2003 1296 2075 [atteret
1316 2006 1505 2076 maqistrutus
1527 2004 1612 2060 alin-

328 2122 383 2178 qne
406 2105 581 2175 consimilia,
609 2105 852 2178 quemadmodum
873 2107 997 2164 solemus
1018 2108 1056 2165 dc
1080 2107 1125 2164 liis
1145 2107 1249 2179 quibus
1276 2124 1316 2163 ca
1342 2108 1439 2163 animo
1461 2105 1533 2163 bene
1556 2120 1611 2161 oo-

328 2211 440 2266 lumus:
471 2212 549 2266 certe
573 2207 606 2264 id
626 2209 763 2281 temporis
776 2207 903 2266 llutteno
923 2226 963 2267 cn
983 2212 1081 2267 auimo
1099 2209 1170 2267 benc
1191 2209 1342 2282 cupiebam
1359 2214 1389 2266 nt
1404 2208 1507 2289 siquis
1522 2207 1609 2263 nlius.

287 2317 317 2360 ·⁵·
330 2311 378 2368 Ad
396 2318 505 2369 catera
525 2311 693 2382 qratnlatus
715 2310 753 2367 de
774 2312 837 2367 solu
859 2311 1025 2368 ualetudine
1050 2310 1181 2369 dolebam
1203 2327 1292 2383 quarn
1314 2310 1410 2368 aicbat
1429 2309 1612 2367 venementer
1621 2316 1646 2355 ¹⁵

328 2411 506 2490 3111131333.Ι
533 2412 650 2469 tandem
672 2411 813 2484 roqnbam
838 2412 1117 2488 Eppln’ndorpiurn,
1139 2412 1272 2485 placidis
1298 2412 1392 2470 uerbis
1413 2410 1613 2486 persuaderet

328 2515 466 2587 Hutteno,
489 2520 520 2572 ut
539 2516 566 2572 si
586 2513 660 2571 riiltil
675 2521 749 2572 esset
766 2516 825 2574 uisi
843 2517 975 2587 culparis
990 2516 1195 2584 consalutatio,
1215 2520 1394 2587 temperaret
1407 2531 1426 2571 a
1441 2529 1610 2586 conpressu,

327 2618 407 2692 quod
432 2633 469 2676 ca
494 2633 542 2675 rcs
566 2615 641 2674 nibil
667 2624 740 2675 essct
766 2618 812 2675 illi
840 2617 1051 2675 commoditatis
1079 2618 1225 2688 allatura,
1254 2616 1323 2674 *rna
1342 2623 1509 2689 qrauotura
1537 2621 1612 2672 esset

328 2721 454 2790 irioidiu,
477 2720 537 2777 iam
553 2720 623 2792 ptus
641 2720 713 2776 sutis
728 2726 903 2791 provatum:
934 2728 1073 2800 croternpt
1093 2735 1112 2775 a
1129 2720 1255 2792 pristino
1273 2735 1335 2777 neco
1354 2721 1479 2777 inillam
1498 2716 1611 2789 (effectu

329 2821 403 2880 nibil
430 2822 603 2887 decessisse·
643 2821 723 2893 quod
746 2823 831 2895 siquo
859 2824 889 2880 in
917 2839 951 2880 33
975 2820 1107 2892 osticium
1136 2836 1229 2879 inerim
1256 2822 1453 2890 desideraret,
1481 2819 1515 2877 id
1538 2817 1647 2889 forceo

273 2925 581 2999 §.optumus-simum.
626 2923 689 2981 Hoc
712 2940 743 2982 se
764 2925 1007 2982 renunciaturum
1030 2926 1141 2997 recepit
1160 2923 1424 2997 Iqurlnndorpius,
1444 2912 1498 2980 nec
1512 2921 1612 2978 dubito

328 3029 398 3101 quin
420 3043 479 3101 qua
499 3031 542 3085 est
558 3027 695 3084 civilitate
710 3026 868 3100 praeditae,
888 3026 1066 3084 commodius
1083 3027 1170 3083 etiam
1191 3027 1325 3084 retulerit
1344 3042 1432 3100 qnam
1450 3041 1503 3097 eqo
1519 3039 1611 3081 man-

328 3131 444 3187 darim:
476 3135 555 3187 certe
571 3130 727 3203 profitetur
747 3145 778 3186 sc
799 3136 909 3201 quantu
930 3130 1025 3202 poluit
1043 3129 1180 3187 civilitate
1206 3145 1299 3186 ruciam
1324 3131 1484 3187 orationem
1501 3133 1611 3199 pertu-

272 3234 403 3291 i.⁷.lisse.
444 3230 499 3290 Ubi
520 3247 565 3289 me
589 3233 690 3289 reuisit
707 3237 773 3304 post
791 3246 880 3287 ultum
903 3238 991 3305 atque
1010 3232 1135 3288 alteram
1154 3230 1244 3301 diem,
1267 3248 1339 3303 roqo
1359 3247 1427 3288 ritem
1450 3230 1518 3288 boni
1534 3244 1610 3287 con-

327 3336 462 3393 suluisset
489 3334 632 3392 Huttcuus
662 3347 755 3389 33133331
784 3334 921 3405 colloquii
946 3333 1189 3406 deprecationem.
1239 3332 1317 3402 Into,
1345 3334 1452 3406 inquit,
1479 3334 1646 3390 suertiitcrns

328 3438 432 3495 arrisit
451 3441 480 3494 31
500 3437 530 3493 in
552 3434 655 3492 borium
680 3439 798 3507 partem
819 3436 1028 3508 interpretatus
1049 3440 1099 3492 cst.
1141 3432 1271 3492 Rursum
1292 3438 1458 3506 testificatus
1480 3436 1611 3491 animum

327 3555 400 3611 erqo
430 3540 511 3595 illurn
539 3552 647 3605 rnc’iun,
677 3534 808 3606 officium
829 3536 933 3609 defero
954 3537 1053 3610 siquid
1073 3553 1092 3594 u
1117 3552 1163 3593 me
1181 3539 1326 3610 prastari
1348 3539 1431 3596 uellet
1454 3536 1609 3595 lluttcnas.

272 3651 316 3701 tn.
328 3642 396 3699 Post
424 3640 488 3715 alies
513 3640 749 3711 aliquommuttas
773 3641 878 3712 repant
898 3637 1084 3710 firmiliinius
1106 3639 1385 3713 Eppbendorpium,
1420 3640 1531 3698 diceret
1558 3641 1611 3696 in-

323 3759 433 3817 qettue,
456 3757 525 3799 niem
541 3741 686 3799 lluttenus
706 3741 855 3799 uideretur
869 3741 969 3798 cadem
987 3744 1085 3799 orcirna
1103 3743 1240 3815 accipere
1255 3742 1489 3814 deprecationem
1503 3758 1608 3814 meunt,

325 3862 383 3919 quo
403 3862 456 3918 eqo
475 3843 625 3915 facerem,
654 3851 683 3902 31
702 3858 771 3900 num
790 3859 879 3917 quum
900 3844 994 3901 runnu
1014 3842 1121 3914 offensi
1142 3845 1382 3915 siqmficationem
1404 3846 1498 3903 daret.
1547 3846 1645 3902 b'e-oo

322 3949 406 4021 pauit
427 3949 477 4005 ille
497 3964 529 4005 se
550 3949 705 4019 quicquam
729 3948 787 4003 tale
808 3947 838 4002 ia
856 3944 984 4002 llutteno
1007 3945 1246 4019 deprelnnderc,·
1273 3946 1327 4003 scd
1347 3946 1480 4004 (abitinas
1501 3948 1611 4005 adiecit

328 4045 493 4110 ‘Fortassis'
516 4050 610 4121 inquit
630 4053 759 4122 ‘caperit
780 4056 871 4105 tecum
887 4049 1015 4121 colloqui
1020 4045 1036 4106 '.
1072 4047 1203 4120 Boqanti
1215 4064 1284 4105 lirim
1299 4049 1378 4105 istud
1390 4049 1513 4107 dirissct
1530 4048 1609 4108 Hut-

271 4164 316 4214 §.n
327 4160 423 4223 tertiis,
443 4152 576 4225 nequiit,-
601 4150 664 4208 ‘sed
681 4157 724 4208 est
738 4147 886 4221 fortassis'
902 4151 996 4223 inquit
1011 4151 1100 4223 ‘qnod
1113 4159 1236 4223 cuperet
1251 4157 1343 4208 tecum
1359 4154 1484 4225 colloqui
1490 4148 1503 4207 ⁸.
1536 4151 1609 4211 Tum

326 4271 379 4329 eqo
402 4248 594 4327 ‘Quanquam'
617 4253 737 4325 inquam
764 4252 925 4326 ‘cupiebam
953 4253 1093 4309 inuuidiam
1116 4251 1275 4325 dataque,
1303 4260 1400 4311 tanuen
1422 4272 1457 4311 ca
1479 4271 1527 4313 rcs
1549 4272 1608 4314 non

327 4360 412 4416 ‘tami
437 4364 480 4415 est
508 4356 592 4430 apud
616 4370 661 4413 me
689 4357 760 4427 quin
782 4354 878 4426 facile
903 4361 1120 4428 contempturus
1139 4357 1194 4412 sim
1211 4355 1310 4426 siquid
1328 4355 1415 4413 babet
1434 4358 1531 4414 seriae
1552 4361 1644 4428 roias

327 4461 416 4535 ‘quod
436 4475 549 4517 mecum
571 4463 660 4530 aqnt,·
693 4463 746 4514 acet
765 4459 793 4514 si
811 4457 928 4529 alioqui·
947 4454 1012 4513 turc
1037 4472 1085 4513 res
1113 4458 1160 4514 illi
1184 4456 1270 4513 cordi
1288 4463 1339 4513 cst.
1386 4458 1421 4515 Si
1440 4475 1496 4532 quo
1523 4461 1610 4518 modo

326 4561 420 4635 ‘ferre
437 4576 552 4636 possem
574 4561 769 4634 hypocausta,
793 4559 856 4632 ipse
877 4558 1061 4616 coriueuircm
1083 4557 1243 4625 bominem·
1274 4559 1323 4615 ille
1341 4558 1494 4629 fortassis,
1518 4569 1549 4619 ut
1567 4572 1612 4620 331

327 4664 476 4737 affectus,
505 4678 562 4720 non
589 4668 683 4735 potest
707 4661 807 4719 abesse
837 4660 874 4717 ab
901 4660 1096 4734 lippocaustis.
1153 4660 1258 4732 quodsi
1276 4668 1371 4735 polest
1395 4661 1482 4733 serre
1506 4664 1611 4738 sriqus

327 4769 422 4826 ‘buius
444 4768 538 4835 aicta,
561 4765 653 4823 tibens
667 4761 740 4820 *ciem
763 4765 813 4820 illo
834 4761 1050 4833 canifrtbulabar
1071 4779 1162 4835 usque
1183 4764 1226 4820 ad
1245 4765 1420 4837 satietatem,
1440 4772 1469 4824 ct
1484 4769 1611 4827 curabi-

327 4875 399 4929 ‘mus
419 4875 450 4927 nt
469 4870 508 4926 sil
526 4868 690 4926 luculentus
709 4860 814 4935 soaus'.
856 4864 904 4921 Ad
924 4864 978 4922 ltbc
999 4865 1151 4937 respondit
1165 4864 1426 4940 Eppltendorpius,
1449 4868 1610 4929 Hutteuum
1622 4884 1649 4923 u)

393 5052 413 5086 ¹¹
433 5069 485 5103 uec
503 5048 607 5116 dubito]
628 5049 741 5100 ironice.
761 5049 796 5099 cf.
810 5049 832 5109 ξ.
846 5048 871 5096 4.
