3934 6034
1525 491 1531 549 l

388 646 558 700 ccxxxxt.
573 665 608 699 nx
622 664 742 699 unauna
757 664 904 699 mscmnro
924 664 1051 699 irrisam
1069 664 1269 699 annnsxonvu.
1290 652 1366 701 Arm?
1380 658 1436 700 tstt.
1510 628 1561 705 53

269 817 339 891 res¹,
356 831 437 880 orate
455 843 511 896 pro
528 825 686 880 Germanis.
717 825 820 879 Omnes
834 826 928 880 sancti
942 817 1092 880 (tortorrs²
1107 832 1187 880 orate
1201 842 1256 895 pro
1268 827 1426 880 Germanis.
1457 823 1561 879 Sancte

269 911 436 977 Benedicte,
465 927 518 968 ora
538 928 568 981 p.
592 912 623 965 G.
670 910 773 965 Sancte
795 911 968 976 Francisce,
992 929 1016 964 o.
1039 927 1068 979 p.
1091 911 1278 964 intimioribus
1306 913 1374 976 tuis,
1404 925 1439 965 nc
1467 910 1561 965 omnia

269 999 350 1052 deute
376 996 521 1051 Theonino
544 998 692 1051 urrorlaul.
739 994 844 1050 Stiriate
866 995 1005 1062 Antbaui,
1029 1013 1053 1050 o.
1068 1012 1098 1064 p.
1117 997 1148 1049 G.
1195 994 1299 1049 Sancte
1321 996 1483 1060 Dominice,
1507 1013 1559 1050 ora

267 1098 322 1153 pro
344 1082 473 1136 amnibus
495 1082 641 1136 monacbis
664 1083 734 1147 tuis,
768 1082 917 1151 pracipae
938 1097 993 1149 pro
1017 1080 1205 1145 Ilocbstrato‚
1239 1080 1382 1136 baereticae
1405 1082 1561 1150 prauitatis

246 1167 449 1237 binquisr'torc,
484 1173 511 1220 et
539 1166 683 1237 Sylucstro
711 1166 858 1230 Prierate,
892 1168 995 1219 sumini
1019 1166 1164 1235 pontificis
1192 1166 1343 1220 (relidature
1370 1167 1558 1220 subtilissimo.

271 1252 372 1308 Omnes
386 1254 481 1307 sancti
496 1245 646 1306 rnouaclti³
669 1258 696 1304 ct
711 1250 870 1315 lterrmita,
894 1257 974 1305 orate
996 1269 1024 1321 p.
1043 1250 1074 1304 G.
1115 1250 1218 1304 (lmaes
1236 1253 1330 1306 sancti
1349 1251 1514 1306 sacerdotes
1533 1256 1560 1304 et

269 1330 389 1391 Μία*
412 1343 494 1391 orate
514 1354 544 1406 p.
563 1338 594 1392 G.
641 1334 748 1391 Sancta
770 1335 868 1389 Maria
891 1334 1079 1406 Mapdalcna,
1104 1353 1127 1390 o.
1150 1353 1179 1405 p.
1203 1336 1234 1389 G.
1282 1335 1384 1390 Omnes
1412 1336 1506 1391 sancti
1532 1341 1559 1388 et

268 1428 376 1476 sancta
397 1423 457 1487 dei,
480 1423 646 1476 intercedite
664 1438 722 1491 pro
745 1421 905 1475 Germanis.
942 1421 1090 1490 Propitius
1111 1428 1187 1487 esto,
1207 1436 1300 1490 parce
1323 1422 1487 1488 Germanis,
1510 1421 1559 1474 do·

268 1508 349 1561 mine.
387 1507 536 1577 Propitius
557 1513 629 1566 esto.
653 1508 763 1560 o’aairdi
779 1506 945 1572 Germanas,
968 1507 1089 1561 eloraiue.
1126 1508 1168 1560 Ab
1191 1508 1267 1560 omui
1288 1508 1361 1561 malo
1382 1507 1472 1562 libera
1489 1504 1559 1559 Ger·

235 1599 382 1657 ltmaaos,
410 1593 530 1646 doniine.
575 1591 616 1646 Ab
644 1593 720 1645 omni
744 1597 862 1661 peccato
885 1592 974 1645 libera
999 1593 1171 1658 Germanos,
1201 1592 1320 1647 domine.
1365 1593 1407 1645 Ab
1434 1593 1481 1645 ira
1509 1596 1559 1644 tua

267 1678 356 1731 libera
381 1677 553 1744 Germanos,
583 1678 701 1732 domine.
746 1678 771 1730 A
792 1677 941 1731 subitanea
970 1683 997 1730 et
1024 1677 1179 1746 improuisa
1208 1684 1298 1731 narrtc
1327 1678 1417 1732 libera
1441 1676 1558 1731 Germa·

268 1777 332 1822 uos,
355 1763 475 1817 dominc.
514 1762 748 1816 ARomauorum
768 1762 934 1831 pontificum
958 1762 1112 1832 tyrannide
1134 1761 1224 1816 libera
1241 1763 1411 1829 Germanus,
1436 1762 1557 1817 domine.

267 1847 307 1901 Ab
329 1848 376 1901 ira
398 1854 425 1901 et
447 1848 510 1901 odio
533 1856 560 1902 et
582 1849 658 1901 omiti
678 1849 753 1902 mala
783 1847 925 1901 uoltutlate
953 1846 1043 1900 libera
1066 1847 1256 1912 Aleaatlrum,
1286 1849 1404 1902 domiue.
1450 1848 1492 1901 Ab
1516 1847 1558 1899 in·

268 1933 419 2004 dulpentiis
446 1933 603 2003 pontificiis
631 1933 722 1987 libera
753 1932 924 1997 Germanos,
958 1932 1077 1986 duritiae.
1129 1932 1169 1985 Ab
1197 1934 1274 1986 onisii
1304 1934 1506 2003 superstitione
1531 1936 1559 1984 ct

236 2019 445 2073 tscoeremontts
477 2018 678 2073 ntonucborum
713 2019 801 2072 libera
836 2018 1008 2082 Germanos,
1043 2018 1162 2071 ebornino.
1213 2019 1238 2071 A
1266 2016 1426 2073 Curtisunis
1453 2016 1559 2086 iniquis

263 2120 360 2175 purpa
377 2104 575 2170 Germaniam,
599 2105 717 2158 domine.
756 2105 780 2156 A
801 2103 905 2172 spiritu
925 2100 1128 2173 fornicationis
1148 2103 1238 2155 libera
1254 2101 1415 2170 Romanos,
1438 2101 1557 2157 domiue.

268 2231 345 2243 ....
390 2189 415 2242 A
431 2182 709 2259 pseiudopropbctis⁵
731 2188 821 2243 libera
845 2186 1015 2253 Germanos,
1039 2187 1158 2241 domine.
1196 2188 1237 2242 Ab
1258 2188 1303 2242 bis
1325 2190 1375 2259 qui
1396 2188 1435 2241 ad
1456 2202 1507 2241 nos
1529 2185 1558 2237 in

268 2274 389 2328 restibus
410 2276 501 2329 ouium
524 2275 654 2339 ueniunt,
678 2275 755 2328 intus
777 2288 843 2327 uero
865 2279 931 2326 sunt
952 2273 1016 2341 lupi
1035 2287 1174 2343 rapaces,
1195 2288 1352 2342 paneoaes,
1375 2275 1452 2327 intus
1473 2271 1557 2325 etiam

267 2364 294 2412 et
315 2360 344 2412 in
367 2364 432 2413 cute
460 2359 626 2425 nebulones,
650 2359 667 2412 l.
686 2359 717 2413 G.
735 2359 761 2413 d.
807 2358 831 2411 A
853 2358 988 2427 terrificis
1005 2359 1174 2427 pontificum
1197 2358 1315 2424 bombis,
1338 2358 1420 2412 bullis
1442 2372 1477 2410 ac
1497 2353 1556 2425 ful-

231 2454 258 2492 ’ἑο
267 2443 389 2498 minibus
415 2449 533 2516 protepe
562 2444 594 2498 G.
616 2445 643 2498 dt
693 2443 734 2498 Ab
762 2443 917 2497 insatiabili
945 2441 1140 2497 Romanorum
1169 2444 1291 2497 cruuritia
1319 2443 1457 2507 claudite,
1487 2440 1556 2493 Gar-

267 2530 358 2595 mani,
386 2529 495 2583 loculos
520 2536 547 2582 et
574 2531 684 2599 aperite
713 2530 816 2583 oculos.
861 2527 1025 2582 Peraeam
1048 2528 1198 2594 uiuentem,
1228 2528 1373 2582 Alearuler
1395 2543 1451 2581 aun
1473 2525 1557 2579 babet

265 2615 367 2669 bonam
389 2620 516 2668 meatem.
554 2615 578 2667 A
599 2613 792 2683 sophistarum
814 2613 1040 2667 cavillationibus
1061 2619 1157 2668 eruente
1178 2628 1265 2668 aures
1285 2619 1414 2678 nostras,
1436 2611 1556 2665 domine.

266 2699 307 2753 Ab
330 2700 408 2753 omni
426 2700 558 2753 doctrina
581 2700 668 2768 impio
690 2706 717 2753 et
738 2698 874 2752 ber-’retica
892 2714 990 2768 purpa
1009 2697 1136 2763 sebolus,
1160 2699 1278 2753 domine.
1318 2698 1341 2751 A
1356 2696 1557 2768 quoestiortibus

266 2785 361 2853 impiis
383 2799 451 2838 arcc
473 2784 628 2854 tbeolopos‚
652 2785 770 2838 domiue.
816 2783 857 2837 Ab
880 2784 956 2836 omni
976 2783 1136 2852 suspicione
1158 2784 1234 2837 niatu
1262 2784 1296 2837 dc
1319 2783 1445 2837 Lutbero
1466 2781 1556 2836 libera

232 2871 378 2924 ssanimos
396 2870 578 2940 principum,
606 2869 726 2923 abatiae.
776 2868 817 2921 Ab
839 2869 915 2922 omui
935 2868 1069 2921 barbarie
1091 2869 1180 2922 libera
1208 2869 1290 2922 ludos
1317 2868 1476 2932 literarios,
1507 2867 1555 2920 tlo-

266 2957 348 3009 mine.
393 2956 418 3008 A
439 2956 506 3028 iugo
527 2955 672 3009 seruitutis
693 2952 831 3008 Romana
858 2954 948 3007 libera
970 2955 1095 3007 cortices
1118 2952 1339 3019 Germanorum,
1368 2953 1486 3008 domine.
1531 2952 1556 3004 A

262 3041 362 3111 palliis
389 3056 404 3093 e
433 3038 525 3094 Roma
554 3040 727 3094 redimendis
753 3039 844 3092 libera
871 3041 1019 3108 episcopos
1047 3044 1172 3105 nostros,
1202 3039 1320 3093 dormine.
1371 3037 1412 3091 Ab
1441 3037 1556 3091 auratis

264 3126 355 3180 libera
379 3126 575 3189 Germaniam,
599 3124 719 3179 domine.
762 3123 804 3177 Ab
827 3125 903 3177 onrrti
923 3125 1020 3177 mania
1042 3124 1131 3177 libera
1153 3123 1343 3189 Alcandrum,
1366 3124 1485 3176 domine.
1530 3122 1555 3174 A

266 3211 348 3265 malis
369 3217 397 3264 et
414 3211 562 3279 peruersis
584 3208 793 3264 consultoribus
815 3208 904 3262 libera
922 3208 1069 3275 Carolum,
1092 3209 1202 3262 domine
1226 3250 1376 3262 .......
1409 3208 1554 3272 Germani,

230 3302 291 3349 rote
314 3311 462 3366 ropamus,
486 3296 556 3349 audi
577 3310 628 3348 nos
652 3336 754 3347 .....
791 3292 824 3347 llt
846 3295 995 3348 ecclesiam
1017 3301 1093 3348 tuam
1110 3290 1259 3348 sanctam⁶
1282 3308 1382 3365 repere
1398 3300 1424 3347 et
1439 3307 1554 3347 conser-

267 3396 334 3434 uare
362 3381 489 3450 dipneris
516 3387 542 3434 te·
571 3394 718 3450 ropamus,
748 3379 818 3432 arieli
839 3395 898 3433 nos.
949 3379 982 3434 llt
1005 3380 1146 3434 dominum
1170 3370 1377 3450 apostolicum⁷
1404 3384 1431 3432 et
1459 3391 1555 3432 omnes

264 3465 469 3562 ecclesiasticos
491 3457 625 3519 ordinass
647 3466 675 3519 in
698 3470 800 3519 sancta
823 3465 956 3535 relipioue
978 3480 1150 3519 conseruare
1170 3465 1298 3536 dipneris
1312 3472 1331 3519 t.
1348 3484 1383 3529 r.,
1407 3481 1433 3516 a.
1451 3481 1479 3517 n.
1521 3461 1555 3517 ttt

265 3551 309 3604 rei
327 3550 450 3619 publica
472 3557 499 3603 ct
523 3551 705 3619 principibus
729 3548 898 3604 Christianis
926 3565 1026 3619 pacem
1055 3557 1082 3605 et
1111 3566 1206 3604 reram
1234 3551 1415 3605 concordiam
1444 3551 1553 3604 donare

263 3636 392 3705 diqaeris
414 3641 432 3688 t.
449 3652 485 3695 r.,
509 3653 534 3688 u.
552 3651 579 3688 n.
629 3634 663 3689 llt
687 3634 845 3688 Germanos
867 3636 895 3687 in
918 3642 965 3689 tuo
987 3642 1086 3689 sancto
1108 3637 1222 3690 seruitio
1249 3634 1417 3705 confortare
1439 3643 1467 3688 et
1487 3651 1553 3689 cort-

229 3726 382 3774 itserrare
405 3720 539 3790 diparris
555 3725 573 3773 t.
590 3737 625 3784 r.‚
649 3737 675 3773 a.
692 3736 720 3772 a.
770 3718 803 3772 llt
830 3727 936 3774 marries
965 3720 1173 3774 Germanorum
1202 3721 1240 3774 aa
1266 3721 1389 3775 calestia
1412 3720 1553 3774 desideria

261 3936 331 3966 crurrn
350 3925 396 3967 est.
434 3918 465 3967 In
480 3923 532 3980 fine
550 3919 630 3967 Finis
643 3919 766 3968 Litanie.
803 3920 969 3981 (Ff.l'an:cr
989 3922 1199 3971 (Armilustro.
1220 3920 1328 3985 p.“lss)
1392 3921 1459 3967 ’ΣΞ
1479 3935 1553 3969 nrrs·

263 3999 622 4069 surslacnuusonvu.ts.
642 4007 658 4053 l.
677 4011 702 4053 ct
720 4022 743 4053 a.
765 4006 800 4054 8³.
839 4004 941 4065 bfob'a.
979 4006 1011 4053 Ia
1027 4009 1094 4067 siric:
1121 4000 1210 4055 Titan
1228 4021 1286 4062 τοις
1304 4005 1476 4061 liturarios.
1498 3977 1557 4069 [sici

262 4089 330 4139 3:
348 4088 488 4153 (tpuscula
507 4087 632 4151 quasdam
650 4091 773 4152 satyrica
792 4097 820 4140 ct
843 4090 949 4139 ludicra
968 4094 1090 4154 tompore
1110 4091 1316 4140 reformationis.
1335 4090 1449 4153 scripta.
1475 4087 1554 4152 [edita

262 4192 279 4223 a
296 4174 438 4236 Strobelto,
457 4174 504 4238 qui
522 4173 645 4222 Hutteno
664 4174 736 4224 hunc
755 4175 878 4225 libellum
897 4175 1109 4224 adiudicandum
1129 4190 1189 4223 cose
1208 4175 1276 4223 satis
1296 4174 1448 4223 infeliciter
1465 4175 1552 4238 suspi-

263 4266 343 4309 catus
363 4257 415 4324 nst]
433 4259 544 4308 Fascia.
561 4256 583 4306 l.
602 4259 646 4307 Fi.
661 4265 688 4309 et
700 4260 776 4324 Lips.
794 4258 865 4309 1784.
884 4258 920 4308 8⁰.
940 4276 965 4323 p.
980 4258 1070 4308 3...1·2.
1124 4259 1139 4306 i
1157 4278 1191 4301 =
1208 4257 1237 4322 ᾖ.
1251 4258 1280 4310 s.
1294 4272 1318 4309 t.
1332 4256 1421 4319 'bibici
1440 4257 1552 4321 OEatrist,

382 4342 469 4404 tltdsin
489 4340 529 4402 iia
548 4340 672 4408 bsutldtl.
691 4343 805 4407 blitardo.
826 4360 851 4397 u.
871 4343 924 4409 ing.
944 4344 993 4397 m.
1008 4344 1068 4391 VII.
1090 4341 1163 4391 1787.
1183 4341 1218 4390 8⁰.
1237 4339 1429 4418 &wrm

330 4495 337 4527 ¹
357 4503 483 4560 (quorum
501 4501 674 4560 utrorumque
693 4498 825 4561 perpauci
846 4497 966 4559 inerunt)
1030 4494 1041 4525 ²
1058 4511 1107 4561 per
1125 4495 1177 4544 hoc
1197 4494 1267 4558 qnod
1285 4495 1354 4544 dicit
1370 4496 1460 4558 sancti,
1480 4497 1552 4544 cxci-

261 4584 374 4648 piuntur
392 4582 522 4647 Magistri
539 4582 632 4631 Nostri
651 4580 849 4646 Theologistae)
930 4580 940 4610 ³
965 4582 1150 4645 (excipiantur
1174 4586 1264 4629 antem
1288 4579 1463 4644 pestilentes,
1489 4595 1552 4644 quo·

259 4682 317 4717 rum
337 4669 392 4716 iam
416 4666 541 4716 infinitus
565 4672 606 4715 cst
624 4666 762 4727 numerus)
842 4664 852 4696 ⁴
875 4666 914 4726 (et
932 4667 1026 4716 horam
1046 4666 1125 4716 hodio
1145 4667 1189 4716 vix
1208 4680 1277 4714 unas
1296 4671 1344 4714 aut
1362 4664 1434 4713 alter
1452 4666 1552 4729 raperi-

259 4754 352 4816 antur)
429 4749 439 4781 ⁵
462 4752 520 4816 (qui
544 4757 572 4801 ot
595 4750 822 4817 pseudotheologi
845 4752 990 4814 vocantur)
1070 4751 1081 4782 θ
1103 4760 1168 4812 [non
1187 4752 1305 4800 intutam
1324 4749 1399 4799 illam
1418 4750 1551 4799 Romano·

259 4838 327 4896 rum)
408 4836 419 4867 ⁷
445 4837 508 4897 (non
533 4837 670 4886 dominum
693 4835 767 4884 orbis
785 4842 929 4895 terraram)
1011 4838 1020 4867 ⁸
1045 4844 1167 4900 tqnornm
1186 4837 1238 4884 hoc
1257 4842 1378 4900 tomporc
1398 4834 1466 4882 adro
1485 4834 1552 4884 nulli

258 4929 329 4986 sunt,
349 4927 380 4971 ut
399 4926 445 4987 qui
465 4927 513 4970 aut
532 4921 627 4987 qualus
650 4921 755 4971 fuerint
776 4921 885 4970 ordinas
905 4921 1093 4974 ecclesiastici
1117 4922 1188 4987 apud
1206 4926 1316 4970 vetares
1336 4922 1421 4971 ierms
1445 4935 1553 4984 prorsus

257 5009 408 5070 nesciatur)
