3934 6034
423 666 497 740 278
596 679 792 730 cccxxxul.
814 696 934 730 scancia
947 696 1048 730 casam
1062 697 1203 731 nnvunsvs
1217 695 1386 730 asraaalscs
1400 694 1531 729 uernans.

424 851 582 922 Rbenuno,
615 852 744 910 scribens
766 854 881 911 interim
903 856 1006 913 amicis
1028 854 1161 925 llutteni,
1194 861 1227 912 ut
1247 854 1320 912 mibi
1338 870 1403 913 eam
1432 854 1577 910 mitterent
1603 862 1709 923 quem-

424 954 582 1013 admodum
602 963 668 1012 erat
686 955 807 1027 scripta.
844 955 899 1013 boc
920 957 961 1013 itu
980 955 1096 1027 facttum
1116 975 1179 1015 esse
1200 960 1326 1030 iupeuue
1345 955 1456 1027 ferteor.
1492 953 1546 1010 sed
1566 950 1641 1024 quid
1660 947 1711 1007 bic

426 1064 469 1115 est
484 1057 617 1129 peccati,
645 1057 672 1113 si
692 1056 852 1115 delectatus
876 1074 939 1115 sum
961 1060 1082 1132 epistota
1107 1076 1174 1133 orere
1192 1060 1379 1132 festivitatem
1401 1057 1526 1114 babebat
1545 1068 1613 1112 cam
1636 1053 1709 1109 nul-

359 1161 483 1218 §.u-lires
505 1156 632 1228 infamio
654 1154 860 1217 coniunctam?
892 1159 1049 1234 Atiqieunto
1067 1168 1134 1233 post
1151 1162 1262 1234 prodiit
1288 1160 1403 1219 libellus
1423 1173 1564 1227 excusus,
1599 1154 1713 1212 babens

427 1262 592 1334 complures
619 1261 759 1332 epistates
783 1259 933 1333 sanuses,
963 1262 1113 1321 absceeruts
1145 1278 1183 1320 oc
1210 1265 1387 1328 virulentus:
1418 1260 1570 1334 tepebatur
1595 1257 1734 1316 libellam

427 1363 507 1421 nobis
521 1378 635 1435 quaque
649 1361 825 1433 ridentibus,
845 1364 898 1421 sed
914 1370 1011 1422 tulmen
1028 1364 1173 1437 frequens
1189 1365 1372 1423 eruditarum
1389 1364 1547 1431 sodalitas,
1568 1364 1713 1434 quactum

429 1464 600 1523 versabatur
621 1465 651 1521 ia
671 1463 784 1522 cedibus
804 1465 956 1535 breherii,
987 1466 1137 1525 testabitur
1158 1483 1203 1525 rae
1226 1474 1285 1524 tum
1308 1466 1451 1540 probasse
1467 1462 1655 1534 festivitatem
1682 1461 1713 1518 in

430 1569 527 1624 mutilis
546 1568 689 1640 epistolis,
722 1566 776 1624 sed
794 1567 950 1625 domitasse
970 1572 1136 1644 erernplum
1160 1571 1283 1628 uicissim
1302 1569 1423 1627 aliunde
1445 1569 1475 1624 iu
1502 1567 1576 1623 otios
1603 1579 1714 1621 recur-

363 1678 531 1727 sat-surum
541 1690 551 1736 ,·
569 1684 766 1741 necunquam
782 1670 870 1727 aliter
878 1670 1008 1742 probari
1019 1688 1084 1729 eum
1100 1671 1236 1729 libellum.
1275 1668 1499 1728 Traducebotur
1513 1668 1575 1725 illic
1590 1664 1714 1722 Reucb-

430 1772 508 1829 linus
529 1770 685 1828 baretieus
708 1773 782 1842 ioco,
809 1771 864 1829 sed
883 1778 979 1830 tamen
1008 1772 1238 1839 b·aduccbatur,·
1268 1778 1296 1830 et
1320 1771 1450 1829 arbitror
1475 1786 1529 1828 nec
1556 1770 1652 1841 ipsum
1681 1777 1751 1825 eota

431 1871 527 1930 libello
548 1872 730 1930 delectatum.
778 1871 835 1930 ube
859 1873 999 1932 redissem
1022 1877 1053 1932 in>
1077 1874 1289 1944 Brabautiorn,
1318 1875 1397 1931 sensi
1418 1874 1574 1946 plerosque
1600 1871 1716 1941 confir-

432 1991 516 2032 mare
535 1991 629 2032 oreuua
651 1990 713 2031 esse
733 1981 931 2033 conuaeatum.
970 1976 1104 2048 equidem
1125 1992 1181 2034 aaa
1205 1976 1379 2048 ipnorobum
1406 1982 1538 2045 uictores,
1567 1988 1638 2030 nam
1658 1977 1718 2029 tres

429 2075 526 2147 fuisse
542 2073 735 2145 serebuutur,·
755 2077 785 2133 in
809 2078 951 2134 neminem
973 2077 1107 2136 deriouai
1126 2079 1216 2135 iritum
1231 2079 1423 2150 suspicionem
1431 2098 1441 2144 ‚·
1464 2081 1575 2134 tantum
1591 2076 1718 2148 epistola

434 2180 522 2235 missu
541 2177 584 2234 ad
607 2179 769 2234 insariam
791 2179 983 2251 suspicionem
1004 2177 1117 2249 salsum
1140 2196 1159 2236 a
1180 2195 1226 2236 me
1247 2181 1357 2254 depuli.
1396 2178 1443 2235 Ea
1464 2179 1587 2251 epistola
1609 2174 1718 2247 furtim

394 2280 397 2289 ’
435 2280 584 2352 descripta
606 2278 732 2336 Colanica
753 2296 822 2338 arou
843 2296 954 2337 cucuso
976 2288 1020 2338 est
1040 2283 1124 2355 typis.
1171 2281 1248 2350 (liud
1266 2282 1314 2339 bic
1340 2286 1383 2339 est
1408 2281 1567 2338 admissum
1586 2272 1754 2351 stapitiiirs

437 2381 496 2439 Res
516 2380 588 2438 mibi
606 2397 672 2438 rere
694 2381 881 2455 displicebat:
902 2381 1015 2452 [celsam
1033 2384 1226 2457 suspicionem
1243 2400 1262 2440 o
1279 2400 1324 2441 rne
1342 2384 1458 2457 depuli,
1480 2384 1595 2439 nemine
1611 2386 1719 2438 aotam.

369 2495 428 2544 §.us
438 2484 583 2541 Successit
603 2499 672 2540 mox
694 2484 770 2542 atter
791 2484 904 2543 libellus
923 2486 1043 2552 similis,-
1069 2502 1134 2544 eura
1155 2486 1228 2543 mibi
1246 2485 1370 2542 loronii
1390 2485 1466 2542 dano
1488 2482 1615 2541 oblatum
1634 2481 1721 2539 acci-

433 2603 507 2659 pere
528 2587 672 2643 recusuri.
710 2587 846 2643 recusari
871 2594 899 2643 et
928 2587 1060 2660 diatopos
1090 2590 1198 2646 similes
1221 2587 1320 2659 ferme
1345 2593 1412 2660 post
1436 2600 1560 2644 excusos
1582 2583 1720 2652 bolonie,

437 2704 491 2744 nere
513 2703 641 2760 nonquam
662 2688 759 2757 iecere
780 2688 919 2759 dipnotus
941 2706 1014 2746 sum.
1052 2689 1092 2747 Et
1110 2690 1177 2747 ideo
1199 2689 1377 2747 eterninubum
1396 2689 1474 2758 leuc,
1496 2686 1576 2759 quod
1591 2685 1721 2742 uiderem

438 2789 512 2847 nibil
530 2789 614 2846 uliud
635 2788 680 2845 bis
701 2787 788 2846 rebus
808 2788 904 2861 effici,
925 2792 983 2848 nisi
1003 2792 1083 2864 qreod
1101 2792 1183 2850 banoe
1205 2794 1299 2850 litereu
1320 2796 1348 2848 et
1367 2805 1460 2849 causa
1483 2789 1643 2861 Capniouis
1665 2800 1756 2843 ιιι-ιι

440 2898 558 2949 curetur
588 2892 618 2947 in
648 2891 762 2961 odium,
793 2899 821 2950 et
848 2892 942 2951 bostes
967 2894 1221 2952 exacerbarentur
1242 2895 1337 2965 mapis
1358 2908 1446 2964 quarn
1474 2892 1723 2964 opprimerentur.

372 3013 430 3062 §.ne
444 2992 583 3062 ζιιιιιιιιιιιιι
603 2991 664 3063 suit
684 2992 733 3049 bic
754 2993 936 3052 imbecillitas
963 3011 1028 3054 mea
1054 3005 1106 3054 uret
1132 2990 1348 3054 inconstantia?
1382 2993 1464 3051 Erat
1484 2998 1553 3050 aute
1574 2991 1723 3049 biennium

439 3095 589 3166 dirumpas,
612 3096 662 3151 cui
681 3096 793 3161 titubes,
816 3098 849 3153 ai
867 3094 979 3168 fultor,
1012 3098 1207 3156 llocbstrutus
1232 3113 1336 3162 orrares,
1369 3098 1421 3169 uui
1440 3096 1536 3153 rideri
1553 3100 1672 3168 poterat
1692 3094 1722 3149 in

437 3198 568 3269 prettiam
592 3211 686 3253 meam
716 3198 852 3270 scriptus.
900 3215 996 3258 norrne
1022 3205 1189 3258 constanter
1217 3206 1248 3258 et
1268 3201 1374 3272 polam
1403 3200 1485 3255 illum
1515 3197 1658 3254 damnaui
1686 3212 1724 3253 ae

441 3297 535 3356 modis
558 3296 689 3354 omuibus
715 3300 762 3371 epi
782 3306 814 3356 ut
833 3297 1040 3373 premeretur?
1072 3302 1146 3360 Herc
1165 3318 1184 3359 a
1206 3318 1252 3359 me
1273 3316 1330 3357 uon.
1348 3302 1425 3372 srupi
1450 3300 1507 3358 sibi
1526 3299 1661 3357 conscius
1681 3303 1757 3355 estu

374 3407 470 3472 §.ouer
489 3400 541 3471 orei
559 3400 677 3472 scripsit
696 3399 846 3472 dialopum
868 3412 896 3461 et
917 3407 968 3477 qai
988 3406 1034 3463 itti
1049 3402 1111 3475 feeit
1129 3406 1158 3463 iu
1179 3404 1309 3462 consilio.
1347 3402 1425 3461 Ecce
1444 3408 1540 3460 autem
1556 3400 1644 3458 aliud
1659 3400 1725 3458 cri-

441 3517 506 3558 men
533 3502 677 3558 atrocius:
707 3500 746 3559 Ιιι
774 3506 897 3577 epistola
920 3507 1050 3578 airadum
1081 3507 1176 3564 scribo
1199 3504 1366 3577 Capitonem
1394 3506 1423 3560 in
1452 3505 1543 3561 literis
1567 3502 1726 3560 Hebraicis

442 3603 597 3660 doctiorem
608 3601 779 3662 Rcucbliuo.
814 3605 906 3665 Deum
923 3610 1122 3677 immortalem
1138 3614 1264 3680 annanias
1279 3607 1328 3665 bic
1342 3607 1453 3664 excitat
1471 3605 1631 3679 tropeedias
1644 3603 1724 3661 Hui-

441 3713 537 3773 teuus‚
557 3704 684 3776 perinde
705 3708 792 3779 prensi
810 3708 953 3767 bominem
975 3727 1084 3769 renerio
1105 3726 1261 3768 necassem.
1299 3709 1417 3767 Constet
1434 3707 1611 3780 Cupuionem
1630 3708 1725 3780 prin-

442 3808 536 3881 cipem
558 3805 654 3877 fuisse
682 3808 845 3868 literaturae
873 3812 1029 3870 Hebraico
1057 3813 1140 3886 opud
1169 3813 1330 3869 Gerumuos
1359 3809 1574 3868 instauranda.
1617 3822 1658 3863 au
1681 3807 1760 3868 illim

443 3908 650 3966 dedecorosum
669 3907 766 3980 fuerit
786 3914 813 3969 si
832 3916 897 3986 qais
918 3915 1058 3973 suecedet
1077 3931 1111 3973 eo
1131 3909 1265 3972 doctior?
1296 3928 1349 3984 epo
1370 3914 1464 3984 inopis
1487 3911 1647 3984 ploriosnm
1669 3924 1728 3965 ar-

443 4011 543 4070 bitror.
589 4012 700 4068 utiuam
731 4028 785 4070 sen
816 4018 898 4074 mitio
922 4017 1083 4075 succedant
1113 4019 1166 4090 qui
1189 4032 1234 4073 me
1266 4016 1346 4073 omni
1377 4014 1477 4071 laudis
1503 4028 1613 4085 uenere
1637 4026 1728 4084 prae-

442 4119 582 4183 currant,
616 4113 704 4170 etiam
735 4119 929 4189 superstitem.
984 4120 1029 4175 An
1063 4121 1151 4176 trusus
1178 4126 1222 4176 est
1252 4117 1401 4190 Capuan,
1432 4118 1459 4174 si
1488 4129 1554 4174 curn
1584 4114 1668 4170 iilum
1697 4113 1729 4169 iu

443 4231 514 4273 arce
544 4215 650 4287 alarice
680 4218 863 4289 collocarint,
897 4219 1064 4292 Capitonem
1097 4221 1141 4277 illi
1167 4218 1364 4293 proferam·
1388 4220 1417 4275 in
1450 4217 1544 4275 literis
1578 4216 1731 4272 duntacot

377 4345 437 4394 §.⁰ss
448 4312 623 4375 Hebraicis?
658 4316 719 4375 Sed
748 4319 996 4392 obscurissimum,
1033 4324 1141 4394 irruerit,
1177 4323 1320 4379 bominem
1358 4321 1521 4377 clarissima
1558 4333 1763 4390 comparasns

445 4419 507 4477 Nec
540 4426 599 4476 tum
631 4427 697 4477 erat
727 4421 867 4481 obscurus
899 4423 1016 4498 Capito,
1058 4424 1111 4482 sed
1142 4423 1404 4482 lucubratiunculis
1435 4422 1496 4478 suis
1528 4420 1633 4477 nobilis
1664 4428 1733 4477 erat

445 4523 529 4596 apud
553 4520 701 4590 cruditos·
731 4533 759 4582 et
785 4527 813 4583 si
838 4524 946 4597 fuisset
972 4526 1136 4597 obscurior,
1169 4532 1248 4583 tanto
1275 4525 1370 4596 mapis
1397 4529 1464 4581 erut
1484 4520 1616 4580 candida
1645 4536 1733 4595 pree-

445 4624 591 4682 dicntione
620 4623 651 4679 in
680 4626 774 4685 lucem
803 4627 1014 4703 proferendus.
1057 4627 1105 4684 Ita
1137 4633 1197 4685 tum
1228 4628 1307 4684 sensi
1331 4626 1368 4683 de
1396 4624 1549 4699 Capitone,
1582 4638 1638 4682 nec
1669 4624 1735 4681 sine

514 4889 565 4924 Μ
584 4906 626 4955 ep.
641 4885 674 4938 ad
687 4880 800 4947 (ffaeonrb
820 4883 844 4931 d.
860 4881 899 4934 lo.
913 4884 981 4947 Aug.
997 4897 1021 4930 a.
1039 4881 1110 4930 1517.
1125 4882 1237 4945 scriptu.
1252 4878 1304 4928 sol.
1318 4880 1340 4927 1.
1355 4896 1379 4943 p.
1396 4876 1451 4925 149.
1465 4892 1505 4940 sq.
1558 4875 1578 4907 ¹⁵
1596 4872 1736 4941 dialogos]

447 4977 596 5043 Dibiogum
608 4974 675 5023 mire
689 4969 818 5021 festivum
831 4974 878 5018 etc.
893 4965 1118 5032 etDialogosVlI
1133 4964 1233 5015 festive
1246 4963 1384 5023 candidos,
1399 4978 1472 5026 scope
1487 4961 1558 5008 inter
1572 4976 1632 5024 epp.
1642 4960 1737 5010 obsce.

448 5066 515 5116 virr.
528 5062 670 5128 repetitos.
721 5053 744 5086 ²⁷
762 5053 798 5103 oi.
812 5054 924 5119 Expost.
938 5051 976 5112 ἓξ.
989 5049 1031 5101 93.
1045 5066 1103 5115 sqq.
1155 5046 1178 5079 ³³
1196 5043 1324 5114 superet]
1344 5047 1441 5107 Immo,
1461 5044 1666 5109 dimmpereris.
