3934 6034
474 657 644 711 CCCXClll.
664 675 767 709 suasus
782 675 843 709 nor.
858 675 894 709 su
907 674 1039 710 cossura
1054 675 1162 709 nsssvu
1176 676 1218 709 ar.
1238 675 1265 707 u.
1282 666 1313 706 u.
1327 673 1410 708 usur.
1429 669 1487 708 teat.
1558 647 1631 715 455

337 830 428 887 aniruo
451 839 546 886 nostro
568 832 707 887 dubitare:
737 834 784 888 irbs
813 841 839 888 te
868 832 977 888 biennio
1006 832 1073 887 nibil
1097 840 1206 888 venerat
1229 831 1386 893 literarum,
1417 839 1445 886 et
1469 833 1541 887 sensi
1565 849 1632 888 non-

339 916 428 971 mdlos
451 916 551 971 arnicas
575 917 639 971 mibi
663 918 750 972 tinctos
774 917 938 989 iniquiores,
969 917 1040 989 quod
1072 918 1147 971 ironis
1169 916 1342 988 ‹logrristibus
1366 915 1548 972 reclamarint:
1578 916 1631 972 talc

338 1001 463 1073 quiddam
486 1001 519 1055 de
543 1009 569 1055 te
592 1000 724 1074 suspicari
748 1009 885 1073 proterium
916 1001 981 1055 nibil
1012 1010 1099 1056 tauma
1124 1001 1243 1055 sinistrae
1267 1001 1427 1073 suspitionis
1452 1019 1548 1074 passus
1571 1019 1630 1055 sum

338 1084 420 1140 ultius
443 1086 470 1140 in
494 1085 612 1140 uuiuium
636 1103 723 1141 mcum
745 1085 918 1141 desceridere.
963 1086 1010 1139 sed
1033 1093 1063 1139 ut
1085 1085 1268 1145 descenderit.
1293 1102 1364 1158 quur
1387 1084 1547 1140 indicassem
1562 1103 1632 1158 prec-

318 1170 501 1225 ⁵tercundum
524 1170 678 1231 Eobauum,
709 1187 790 1243 quum
814 1170 962 1225 lluttouom
992 1178 1019 1224 et
1048 1168 1188 1225 libertum
1210 1169 1285 1224 Pium
1316 1186 1485 1228 recenseam.
1515 1187 1631 1241 quorum

338 1263 453 1327 uterque
475 1264 590 1310 cruento
612 1254 715 1310 calamo
739 1271 781 1309 me
803 1255 900 1327 petiit?
933 1255 1076 1309 Postremo
1099 1252 1224 1308 llobnnus
1248 1254 1274 1308 in
1298 1271 1326 1308 se
1350 1251 1430 1307 babet
1454 1270 1507 1324 quo
1531 1271 1559 1308 se
1583 1271 1631 1308 no·

336 1337 439 1400 bilitet,
468 1348 498 1393 ut
526 1347 618 1394 nostra
650 1338 843 1412 pariediestione
867 1338 908 1393 vix
931 1337 976 1392 nlii
1001 1338 1088 1392 miuus
1111 1337 1147 1391 sit
1170 1355 1239 1409 opius
1242 1379 1537 1391 .............
1561 1337 1630 1393 liene

335 1605 422 1653 fuisse
441 1604 525 1664 collo,
552 1605 702 1654 (locleuius
726 1609 754 1654 et
772 1603 886 1668 pulchre
905 1603 990 1652 obeso
1008 1608 1037 1651 et
1056 1602 1125 1652 adeo
1144 1618 1198 1651 nou
1216 1603 1310 1666 longo,
1337 1608 1367 1650 ut
1385 1609 1504 1651 ruentum
1525 1605 1630 1667 pectori

334 1704 404 1753 pene
425 1692 584 1753 contiguum
603 1690 648 1737 sit.
696 1704 758 1737 sur..
778 1690 838 1737 Non
857 1686 1046 1747 hicdceollo,
1071 1687 1119 1735 sed
1137 1687 1171 1735 de
1190 1686 1254 1736 stilo
1279 1687 1457 1750 disputamus.
1494 1689 1630 1735 (lictorum

336 1779 365 1821 ut
386 1790 402 1822 a
422 1773 598 1837 Westphalia
617 1773 792 1833 recedamus,
813 1772 899 1821 babet
911 1770 1034 1820 Sauonia
1053 1772 1168 1819 iuvenes
1187 1786 1298 1819 summas
1312 1772 1384 1834 spei,
1405 1771 1474 1819 nibil
1493 1771 1629 1819 mediocre

334 1858 368 1907 dc
393 1874 422 1906 sc
448 1856 626 1922 pollicentes.
651 1872 763 1921 quorum
787 1861 830 1905 est
854 1861 882 1903 et
901 1854 1114 1920 Christophorns
1133 1853 1331 1910 Carlebitzius‚
1358 1855 1525 1918 imaginibus
1545 1857 1629 1903 maio-

334 1958 392 1991 rum
412 1942 617 1999 ornatissimus,
642 1941 691 1991 sed
710 1941 799 1990 literis
819 1957 852 1989 ac
874 1940 993 1989 moribus
1013 1938 1251 2003 compositissimis
1270 1941 1401 1987 ornatior.
1421 1954 1515 1987 verum
1533 1939 1628 1987 borum

334 2026 594 2075 commemoratione
614 2031 640 2073 te
660 2041 714 2074 non
733 2026 873 2090 fatigabo,
894 2040 1006 2089 quorum
1025 2023 1131 2072 indoles
1150 2023 1239 2072 adbuc
1257 2024 1409 2072 srrbolescit
1428 2030 1467 2083 et,
1488 2029 1517 2072 ut
1537 2024 1576 2071 ita
1590 2023 1628 2071 lo-

334 2127 416 2176 quar,
443 2111 471 2159 in
495 2110 580 2159 herba
605 2114 656 2158 est.
693 2111 811 2175 Pergam
836 2110 870 2159 ad
894 2108 1015 2172 reliquos
1034 2108 1200 2169 Germanos,
1226 2124 1337 2172 quorum
1357 2109 1485 2172 prinecps
1505 2108 1558 2156 luit
1577 2108 1628 2155 Ca·

332 2197 426 2261 pniou.
491 2209 551 2243 uos.
576 2194 627 2242 Vir
649 2209 777 2259 magnus,
798 2193 846 2242 sed
866 2193 955 2242 oratio
974 2191 1118 2241 redolebat
1137 2207 1214 2240 sarram
1238 2191 1360 2241 seculum
1386 2192 1475 2241 adlme
1493 2191 1630 2241 lrorridius

334 2277 550 2343 impolitiusque.
587 2278 677 2342 qualis
696 2284 724 2327 et
743 2276 1096 2340 lacolmsWimphelingus
1111 2278 1174 2325 etsi
1188 2278 1234 2340 qui
1253 2283 1317 2325 suut
1334 2277 1414 2325 liuius
1427 2276 1545 2336 similes,
1566 2291 1629 2339 quo-

333 2378 392 2411 rum
411 2378 495 2427 opera
513 2367 606 2411 tamen
625 2377 679 2412 uon
697 2378 791 2426 parum
810 2361 942 2411 utilitatis
962 2362 1083 2409 accessit
1101 2362 1258 2410 Germaniae
1276 2361 1389 2421 studiis,
1410 2374 1564 2424 quanquam
1583 2359 1629 2407 bic

333 2447 361 2495 in
380 2451 480 2511 nepote
499 2461 548 2494 suo
561 2446 757 2510 quodammodo
771 2434 911 2511 re’pubuit,
932 2445 1034 2493 Iacobo
1047 2444 1208 2510 Spiegellio.
1258 2462 1318 2494 nvi..
1339 2445 1490 2510 Capnionis
1510 2460 1575 2507 ergo
1587 2444 1627 2492 di·

333 2531 469 2595 scipulum
483 2531 612 2594 agnoscis
625 2531 781 2595 Philippum
795 2529 1057 2580 Melancbtbonem'i
1105 2545 1165 2577 sos.
1184 2530 1259 2578 Nihil
1272 2530 1325 2579 hoe
1339 2531 1450 2594 ingenio
1464 2528 1584 2589 felicius,
1604 2529 1627 2576 si

333 2621 421 2664 totum
440 2620 569 2664 vacasset
588 2615 686 2675 Musis3
711 2629 783 2663 nunc
807 2615 879 2663 hanc
899 2614 1008 2663 laudem
1027 2614 1128 2662 leviter
1147 2614 1292 2663 affectavit
1311 2630 1344 2663 ac
1363 2620 1469 2663 aratura¹
1489 2612 1628 2662 felicitate

333 2704 480 2749 contentus
499 2714 551 2749 nee
565 2699 634 2748 artis
647 2695 785 2749 necemus
804 2699 968 2762 permultum
988 2699 1021 2748 ad
1041 2698 1216 2747 scribendum
1236 2699 1374 2760 adhibuit,
1395 2704 1424 2746 et
1436 2698 1508 2746 baud
1521 2698 1579 2746 scio
1592 2712 1627 2745 an

332 2784 513 2833 affectantem
531 2784 609 2832 nervi
629 2783 731 2831 fuerint
749 2783 900 2833 defecturi:
920 2782 1100 2848 extemporali
1114 2783 1229 2831 dictioni
1243 2788 1324 2831 uatus
1336 2782 1458 2832 videtur:
1478 2797 1550 2832 nunc
1563 2781 1628 2830 aliis

332 2869 457 2917 intentus
475 2867 641 2931 eloquentiae
660 2866 779 2915 studium
798 2882 899 2931 magna
919 2873 1049 2932 exparte
1068 2867 1178 2916 videtur
1196 2867 1342 2915 abiecisse.
1399 2882 1461 2915 svn.
1481 2866 1523 2913 En
1542 2866 1629 2929 igitur

332 2952 385 3001 tibi
398 2951 522 3001 Ulrieum
534 2951 695 2999 Hnttennm.
744 2966 804 3000 uos.
825 2952 874 3001 Sat
887 2952 1043 3017 splendoris
1056 2957 1083 3000 ct
1102 2952 1190 3015 copiae
1209 2954 1323 3015 praestat
1341 2951 1368 2998 in
1387 2951 1513 2999 oratione
1526 2948 1626 3012 soluta,

332 3038 361 3084 in
375 3036 496 3085 carmine
516 3034 626 3084 felicior
644 3040 716 3093 erat;
736 3043 865 3085 caeterum
885 3053 902 3085 a
916 3036 1059 3086 Ciceronis
1078 3037 1199 3099 imagine
1213 3034 1308 3099 procul
1321 3035 1428 3083 aberat.
1475 3050 1538 3083 nvn.
1560 3034 1626 3082 ltili·

332 3120 443 3169 baldum
462 3120 538 3184 prius
557 3135 783 3169 commemorasse
803 3123 937 3186 oportuit,
964 3136 1017 3185 quo
1035 3121 1104 3169 duee
1124 3121 1237 3184 primum
1258 3120 1432 3168 efflorescere
1452 3121 1537 3184 coepit
1556 3121 1627 3183 apriid

332 3204 484 3254 Germanos
503 3203 675 3267 eloquentia,
701 3220 780 3268 quam
806 3213 833 3254 et
856 3221 959 3254 morum
982 3207 1089 3269 pietate
1113 3210 1141 3253 et
1166 3205 1283 3263 fortunae
1303 3204 1447 3268 splendore
1468 3204 1626 3255 illustrauit.

331 3303 393 3337 uos.
418 3289 460 3337 An
484 3287 531 3337 ille
556 3295 688 3352 sequatur
711 3290 819 3348 nescio,
846 3295 921 3340 certe
945 3306 1000 3338 nou
1024 3290 1192 3353 assequitur,
1218 3305 1269 3338 nce
1295 3295 1350 3337 tam
1374 3290 1467 3338 obstat
1486 3290 1626 3351 ingenium

331 3388 412 3436 quam
436 3372 598 3437 reipublicae
623 3374 742 3437 negocia
760 3389 908 3438 parumque
928 3390 1060 3439 prospera
1079 3373 1222 3435 valetudo,
1249 3389 1328 3438 quum
1348 3390 1401 3422 uon
1420 3373 1492 3422 alius
1510 3374 1547 3421 sit
1566 3389 1626 3437 pro·

329 3459 465 3523 sperrima
488 3458 604 3523 dignior.
641 3463 733 3507 tanren
758 3474 791 3507 ex
815 3465 937 3523 tempore
961 3459 1086 3509 scribens
1111 3458 1180 3507 adeo
1211 3460 1334 3508 feliciter
1363 3459 1471 3508 abunde
1502 3458 1628 3508 declarat

331 3546 463 3606 quantum
483 3548 612 3606 praestare
632 3542 752 3602 valeret,
779 3545 803 3592 si
822 3560 921 3593 riervos
940 3544 1098 3592 intenderet
1116 3558 1187 3593 siros.
1247 3560 1309 3593 nur..
1330 3543 1424 3593 Ulrico
1443 3545 1523 3593 Zasio
1542 3543 1626 3608 pluri·

330 3642 402 3675 mum
422 3626 512 3674 luridis
530 3627 627 3675 tribuit
639 3629 769 3676 ririiversa
783 3629 939 3678 Germania.
993 3644 1053 3676 nos.
1075 3629 1164 3676 illinus
1184 3635 1276 3677 tauron
1296 3644 1375 3692 quum
1394 3629 1436 3677 vir
1455 3627 1502 3676 ille
1521 3643 1625 3692 promc-

330 3712 400 3759 ritus
425 3716 478 3759 est:
510 3718 608 3774 praeter
633 3718 758 3761 exaratam
783 3714 849 3761 iuris
874 3713 944 3776 (prod
968 3714 1112 3778 profitetur
1136 3714 1283 3762 scientiam
1308 3713 1472 3762 felicissima
1501 3713 1626 3776 quadam

330 3797 410 3845 adest
439 3795 482 3844 vel
514 3811 546 3844 eu
577 3801 699 3861 tempore
723 3796 862 3864 scribendi
892 3798 1058 3861 dicendique
1084 3798 1217 3857 facultas,
1243 3799 1351 3846 diceres
1375 3799 1528 3847 orationem
1547 3797 1627 3846 bouis

331 3880 485 3944 electisque
504 3881 595 3930 verbis
614 3881 694 3930 simul
714 3898 747 3931 ac
772 3882 919 3931 sententiis
944 3898 976 3931 ex
1001 3882 1140 3931 uberrimo
1164 3883 1281 3946 quodam
1305 3898 1416 3932 manare
1441 3883 1532 3941 fonte,
1557 3882 1626 3931 adeo

329 3981 382 4015 nec
401 3965 508 4014 resistit
526 3980 639 4029 usquam
657 3981 708 4015 noc
727 3967 815 4015 lraeret
832 3982 885 4015 uec
903 3966 1099 4026 intersilescit3
1118 3973 1175 4015 tum
1195 3967 1274 4016 adest
1293 3968 1376 4016 etiam
1396 3968 1425 4015 in
1443 3967 1554 4031 scriptis
1568 3966 1625 4015 ala-

329 4052 416 4099 critas
434 4049 564 4099 iuvenilis
583 4055 611 4098 et
629 4057 658 4099 ut
677 4051 717 4099 ita
736 4050 828 4100 dicam
846 4052 919 4099 vita:
939 4066 1057 4115 negares
1075 4053 1150 4100 senis
1169 4067 1229 4100 esse
1250 4051 1320 4115 quod
1334 4051 1419 4116 legis;
1438 4057 1561 4100 attamen
1574 4052 1625 4100 l'o-

328 4136 457 4184 litianum
475 4136 585 4200 propius
605 4135 734 4199 exprimit
751 4149 832 4198 «quam
843 4133 1015 4184 Ciceronem.
1076 4152 1137 4185 avr..
1158 4137 1215 4200 Age
1234 4136 1282 4184 sed
1302 4152 1335 4185 ex
1353 4136 1476 4200 proximo
1494 4136 1546 4184 tibi
1565 4152 1625 4199 pro·

330 4221 391 4269 iero
408 4221 564 4268 Brnnonem
587 4218 799 4268 Amerbaclrium
824 4219 993 4281 Rauracum,
1024 4235 1077 4285 quo
1105 4221 1165 4269 viro
1189 4220 1258 4269 nibil
1282 4234 1401 4283 unquam
1424 4228 1524 4269 natura
1548 4220 1626 4268 finxit

329 4304 484 4354 candidius.
538 4317 599 4352 uos.
619 4304 762 4364 Quatenus
775 4302 842 4352 licet
857 4319 889 4351 ex
903 4308 984 4367 gustu
999 4319 1181 4369 cognoscere,
1202 4318 1317 4369 maguus
1331 4310 1391 4353 crat
1404 4304 1526 4365 futinus,
1546 4306 1575 4353 ui
1588 4305 1627 4354 ic-

328 4390 435 4439 stinata
448 4404 518 4437 mors
533 4389 659 4438 iuvenem
672 4388 771 4437 studiis
785 4390 940 4452 eripuisset.
977 4405 1040 4438 nvn.
1060 4389 1211 4437 Henricnm
1225 4388 1390 4438 Glareauum
1404 4390 1533 4453 agnoscis
1546 4389 1626 4439 Elae-

328 4475 416 4522 tinm?
447 4488 508 4521 uos.
522 4473 549 4521 ls
563 4472 659 4521 maluit
672 4473 700 4521 in
713 4472 887 4537 pbilosophis
900 4489 933 4522 ae
946 4474 1152 4523 mathematicis
1165 4472 1319 4537 disciplinis
1333 4488 1532 4523 cormencseere
1546 4489 1626 4538 quam

328 4557 456 4608 aemulari
475 4556 597 4622 phrasim
616 4556 841 4620 Ciceronianam,
866 4560 910 4605 cui
935 4559 981 4607 vix
1001 4560 1131 4608 convenit
1150 4573 1210 4607 cum
1229 4557 1433 4607 subtilitatibus
1451 4558 1625 4607 matbemati-

329 4657 432 4692 corum.
487 4656 550 4691 nvu.
570 4641 647 4691 Unus
665 4648 805 4706 superest,
831 4643 953 4706 quamsi
977 4658 1031 4692 nou
1057 4644 1171 4707 recipis,
1197 4642 1375 4707 migrabimus
1399 4644 1428 4691 in
1446 4644 1625 4692 Pannoniam.

329 4742 392 4776 uos.
411 4726 498 4787 Quis?
545 4741 607 4775 nvn.
627 4726 743 4776 [Vrsinus
761 4726 866 4776 Velius.
915 4742 975 4776 uos.
996 4728 1027 4777 ln
1042 4729 1163 4777 carmine
1178 4727 1259 4788 salix,
1279 4743 1329 4776 uec
1344 4727 1442 4776 infelix
1456 4728 1484 4776 in
1502 4728 1626 4776 oratione

329 4811 437 4870 soluta,
457 4810 583 4875 spiritum
603 4815 631 4859 et
648 4811 816 4859 urbanitatis
834 4811 919 4861 habet
938 4812 1061 4869 affatim3
1081 4812 1127 4861 ribi
1146 4813 1279 4877 prodierit
1297 4813 1414 4862 historia
1433 4828 1513 4877 quam
1532 4812 1566 4861 de
1586 4828 1626 4861 re·

328 4898 380 4945 lius
399 4911 416 4943 a
434 4894 585 4944 Pannoniae
604 4895 798 4959 Bohemiuequa
818 4912 882 4961 rege
896 4897 1072 4946 Ferdiuando
1091 4899 1178 4962 gestis
1198 4904 1290 4947 texere
1310 4897 1424 4959 (licitur,
1444 4898 1547 4945 certius
1565 4914 1625 4961 pro-

329 4979 531 5031 nunciabimus.
