3934 6034
406 676 479 748 320
578 693 776 744 cccxxxm.
797 711 916 745 aronam
928 712 1032 748 sunem
1047 713 1189 748 uovsusvs
1202 713 1373 749 nsrnnorsns
1387 713 1520 750 nsrrnss.

404 865 561 925 obiecerint
577 866 715 926 moacecbi
735 883 772 926 uc
792 867 930 941 theotoni,
952 879 983 928 ut
1005 873 1034 928 in
1057 888 1103 930 mc
1123 874 1262 943 latraret,
1284 880 1312 929 et
1330 887 1384 944 opo
1399 870 1521 944 fatebor
1542 871 1616 944 quid
1636 887 1693 930 oc·

335 973 402 1022 ibit.
414 970 542 1043 ceperim
564 986 583 1027 a
606 968 725 1027 (lasere
748 987 784 1028 ac
799 973 950 1045 potamur,
970 980 1010 1034 ‚ut
1029 974 1185 1032 scriberem
1206 974 1236 1031 in
1260 972 1427 1032 latiorum.
1472 973 1624 1031 Fortassis
1641 973 1693 1030 in-

400 1071 550 1142 ficiabitur
572 1087 633 1129 esse
655 1088 754 1130 nerum
775 1074 855 1145 quoa
874 1082 916 1133 est
936 1078 999 1134 reri
1016 1077 1193 1134 simillimum
1200 1095 1212 1144 ,·
1239 1081 1335 1133 tamen
1359 1075 1436 1133 illud
1456 1080 1571 1133 constat
1592 1075 1692 1132 nemi-

402 1189 468 1232 nem
491 1189 622 1248 unquam
640 1172 750 1246 secisse
768 1177 888 1248 pentius
909 1177 1036 1235 hostibus
1057 1176 1181 1235 Lutberi
1200 1193 1237 1235 uc
1256 1176 1398 1235 bonorum
1423 1177 1579 1236 literarum
1600 1192 1692 1250 quara

401 1274 450 1334 bic
463 1274 539 1347 fecit
553 1275 707 1334 liuttenus.
751 1276 816 1349 Epo
830 1276 991 1337 [utiterum
1011 1279 1141 1351 depruro
1163 1280 1275 1337 inuidia
1296 1281 1349 1353 pul
1360 1279 1556 1338 lantonienses
1578 1281 1713 1355 appel-³

402 1380 459 1436 iem
480 1377 669 1437 Reuerendos
687 1386 808 1454 patres·
835 1382 898 1453 ipse
915 1388 1064 1454 protector
1084 1389 1127 1439 est
1144 1380 1268 1439 Latbori
1285 1382 1338 1453 put
1358 1380 1487 1440 hostibus
1509 1383 1589 1440 itlius
1610 1382 1692 1440 baruc

402 1482 465 1553 anit
481 1479 620 1553 subulam
641 1482 727 1553 lonae
743 1484 961 1554 cratissimam:
990 1483 1066 1542 nibil
1086 1485 1162 1541 enirn
1184 1486 1243 1541 iltis
1263 1483 1387 1554 accidit,
1416 1484 1494 1542 ursae
1514 1486 1611 1556 mauis
1633 1500 1690 1542 su-

401 1585 538 1642 stulerint
556 1585 677 1648 cristas,
696 1583 831 1657 quodque
853 1586 911 1642 iltis
932 1587 1027 1656 internis
1045 1586 1197 1644 addiderit
1215 1586 1329 1643 artimus
1344 1601 1433 1657 quarn
1448 1584 1496 1644 bic
1510 1584 1635 1644 Hutteni
1648 1587 1691 1644 li-

334 1692 400 1741 §.392
412 1686 513 1745 bellus.
556 1686 624 1744 Iam
644 1686 717 1744 mibi
737 1687 836 1745 uictae
858 1687 959 1746 uideor
979 1688 1109 1760 untdique
1128 1690 1296 1759 pestientes,
1318 1685 1514 1758 subsilientes,
1531 1687 1589 1746 sibi
1608 1704 1691 1761 ara-

400 1788 526 1847 tulantcs
545 1788 659 1846 devotos
679 1789 821 1847 botrorum
843 1791 998 1847 literarum
1021 1806 1058 1848 ac
1079 1789 1231 1861 ticcolopia’
1251 1790 1430 1863 syncerioris
1453 1790 1561 1862 bostes,
1586 1789 1689 1848 λουα-
1702 1804 1724 1844 ιο

401 1893 445 1949 nii
464 1890 685 1949 Ecmontlonuat
701 1900 729 1949 et
751 1892 947 1963 l'inceutium,
968 1891 1091 1950 Lutetiae
1110 1891 1184 1948 ciuus
1203 1893 1359 1964 ptroecrpue
1378 1890 1541 1967 theotocos,
1562 1894 1690 1950 alterurn

402 1991 566 2062 anneum,
595 1995 722 2052 alterum
743 1992 920 2063 Botoccutn,
943 1995 1072 2053 Colonia
1098 1992 1310 2051 ibcotloricurn
1333 1992 1525 2067 Nooirnapum
1542 2010 1609 2052 cum
1637 2010 1691 2052 suo

333 2095 532 2154 §.tonsoratus
552 2096 705 2164 sodalitio;
729 2094 870 2167 fortassis
892 2103 921 2155 ct
935 2098 964 2153 in
990 2096 1099 2168 Anytiu
1119 2095 1210 2154 Leuat
1233 2112 1299 2154 curn
1322 2094 1484 2155 Standicio.
1531 2095 1637 2155 (tenetes
1659 2073 1693 2154 bi

399 2198 579 2272 triumphurn
594 2198 745 2256 adornant
762 2198 901 2269 Huttcno,
917 2200 1050 2257 cornilius
1064 2199 1283 2272 applaudentes
1300 2204 1329 2256 ct
1344 2201 1561 2257 acclamantes:
1577 2197 1690 2256 ‘riiacte

400 2304 527 2374 uirtute,
542 2316 644 2374 eques,
661 2287 760 2377 βάλλ’
781 2287 902 2371 οὕτως,
923 2303 1032 2371 confice
1053 2301 1133 2359 nobis
1149 2299 1307 2358 Erasrnuru
1325 2302 1408 2359 illum
1426 2302 1478 2374 qui
1493 2302 1612 2359 iituectis
1629 2317 1688 2358 no-
1700 2317 1723 2357 is

400 2406 451 2462 ‘nis
482 2405 592 2477 linquis
621 2419 659 2462 oe
688 2406 780 2462 literis
807 2419 930 2476 reputem
957 2411 1088 2461 nostrum
1118 2403 1320 2476 labefactavit.
1371 2402 1430 2461 Eia
1456 2403 1562 2461 tatibus
1583 2402 1691 2461 libellis

401 2506 503 2565 ‘redae
523 2508 625 2564 literas
646 2507 733 2572 istas,
762 2522 836 2579 quas
859 2505 980 2578 preibant
1000 2502 1082 2575 falso
1105 2511 1209 2564 nocam
1229 2505 1333 2577 bonus,
1361 2507 1472 2564 inuisos
1487 2504 1689 2579 principibus,

399 2610 518 2667 ‘inrisas
536 2609 688 2678 iuuerttuti,
712 2625 801 2681 ouum
820 2609 947 2667 uiderint
964 2610 994 2665 in
1011 2607 1056 2665 bis
1077 2625 1139 2666 csse
1156 2615 1266 2665 tuntum
1286 2610 1465 2678 oirulentlco,
1483 2622 1538 2665 aec
1553 2607 1584 2663 iu
1602 2606 1692 2664 atiud

399 2713 507 2768 ‘natue
529 2711 588 2767 nisi
607 2710 650 2767 ad
669 2712 848 2769 calumniam
870 2711 1009 2769 bonorum
1030 2717 1059 2768 ct
1076 2710 1246 2767 seditionem
1260 2711 1486 2777 concitandam;
1504 2708 1602 2784 prode
1618 2724 1689 2783 ary-

399 2815 497 2871 ‘steria
515 2815 696 2886 poeticorum
718 2815 886 2885 oroiorum,·
906 2815 1024 2886 inspico,
1047 2814 1208 2883 tentamine,
1226 2813 1377 2884 imminpe,
1396 2814 1502 2869 irtcaco
1524 2814 1555 2869 in
1569 2809 1723 2883 sontem-n

399 2917 489 2974 ‘illum
507 2913 679 2987 Musarum,
708 2933 745 2973 nc
765 2918 816 2973 cui
832 2916 957 2989 postltac
978 2933 1018 2972 ca
1035 2932 1068 2972 co
1085 2913 1174 2972 libeat
1192 2914 1305 2985 bibere,
1335 2919 1364 2971 et
1383 2915 1411 2972 si
1431 2916 1472 2971 ris
1494 2915 1576 2971 iliam
1598 2915 1691 2972 semel

400 3018 539 3076 ‘omnibus
558 3018 650 3075 alodis
664 3033 878 3091 conspurcare,
899 3025 926 3075 tc
941 3024 1029 3075 tritum
1048 3019 1078 3074 in
1094 3032 1127 3074 eo
1142 3017 1259 3089 prolue.
1306 3015 1451 3088 Quicquid
1466 3016 1497 3073 in
1515 3031 1567 3073 uos
1581 3016 1690 3074 bacte-

330 3129 397 3178 tass.
409 3126 473 3178 ‘nus
487 3123 627 3195 peccasti,
644 3122 852 3189 condonamus,
868 3122 896 3178 si
905 3137 1016 3194 perpes
1029 3135 1088 3193 quo
1104 3116 1235 3191 caepisti.¹
1279 3118 1406 3176 Fcttccrn
1422 3117 1582 3176 Huttcnum
1597 3134 1689 3191 quum

398 3224 435 3281 ab
455 3224 501 3281 bis
519 3225 599 3282 notis
620 3224 725 3282 amicis
741 3225 855 3281 varient
867 3223 1079 3295 pratulutrices
1096 3223 1242 3295 epistates,
1265 3220 1486 3279 missitabantur
1507 3222 1609 3292 xenia,
1628 3221 1688 3279 de-

394 3325 534 3399 serentur
558 3327 688 3398 iubentia
713 3341 849 3384 ntuncra.
893 3325 968 3384 Iloec
995 3341 1035 3382 an
1064 3340 1134 3383 nera
1156 3324 1216 3381 sint
1232 3321 1361 3380 noudum
1383 3321 1456 3381 milei
1474 3323 1583 3396 liquet,·
1605 3331 1722 3381 certeis

398 3431 487 3487 meato
503 3435 571 3486 sura
585 3430 732 3502 propiora
749 3430 827 3486 ueris
847 3443 935 3500 quarn
959 3444 1027 3501 paco
1047 3429 1097 3485 illc
1113 3427 1201 3498 ncipit
1220 3425 1257 3482 oc
1272 3439 1318 3486 ate
1335 3423 1459 3482 Romam
1473 3431 1568 3497 cuntc,
1590 3424 1689 3499 deque

329 3539 532 3589 §.stnoccursu
554 3531 772 3588 cardinalium:
795 3546 864 3587 naut
882 3545 936 3601 epo
955 3536 995 3587 tot
1010 3531 1103 3587 enodis
1117 3533 1295 3602 prouocatus
1316 3526 1392 3584 nibil
1412 3527 1512 3586 aciliuc
1528 3529 1640 3602 scripsi
1656 3530 1687 3586 in

396 3633 569 3704 Lutberum,
594 3639 623 3691 et
642 3632 786 3692 IIultcuus
810 3639 924 3705 prater
951 3648 1072 3690 causam
1099 3637 1159 3688 tam
1182 3632 1357 3688 virulentum
1375 3629 1503 3688 libellum
1529 3631 1633 3688 scribit
1655 3632 1686 3688 in

397 3739 537 3806 amicum,
564 3736 647 3793 cuius
661 3734 876 3807 pradicatiouc
894 3734 1010 3805 sactum
1032 3741 1088 3805 est,
1119 3740 1150 3790 ut
1168 3735 1253 3790 inculti
1268 3736 1320 3806 qui
1341 3733 1501 3792 liuttenum
1522 3749 1580 3791 non
1599 3733 1687 3790 iide-

329 3849 395 3899 §.sos
407 3845 490 3909 runt,
513 3844 543 3896 et
562 3839 661 3895 norint
676 3852 741 3895 encra
763 3844 792 3894 et
813 3836 955 3909 clitipant:
977 3838 1090 3909 alioqui
1107 3836 1180 3909 quia
1200 3837 1282 3892 illurn
1303 3838 1436 3911 perpulit
1456 3835 1499 3894 aa
1515 3844 1574 3893 torn
1597 3837 1722 3893 stru-ss

395 3944 505 4000 lerttaat
522 3935 732 4015 scriptionem?
753 3939 954 3997 bernonstraoi
970 3954 1079 3998 causas
1101 3955 1176 4012 quas
1198 3940 1310 4010 attepat
1330 3956 1392 3997 esse
1414 3940 1528 4007 nullas,
1550 3937 1687 4009 inquot

394 4062 450 4120 pcr
476 4062 508 4103 se
528 4044 721 4119 perspicuum
749 4050 816 4101 orat
835 4042 967 4101 cordatis
986 4051 1014 4100 et
1039 4042 1175 4113 intcpris,
1207 4042 1295 4098 ctiam
1317 4042 1353 4099 iis
1375 4042 1428 4115 poi
1446 4040 1574 4098 Hutteno
1591 4036 1686 4110 saue-

394 4147 472 4206 bont.
520 4147 598 4218 Quia
617 4148 708 4220 ibitur
728 4146 786 4204 sibi
805 4147 893 4203 uoluit
914 4145 969 4202 boc
991 4140 1108 4204 libello?
1127 4142 1252 4218 Scripsit
1269 4145 1363 4202 urrinni
1381 4138 1505 4215 uratia?
1526 4144 1685 4201 convenae

564 4300 595 4307 ...-

396 4384 523 4434 Ceterum
547 4385 580 4433 de
599 4385 715 4434 Ernsmo
740 4387 850 4433 constat
873 4383 1002 4432 donorum
1027 4397 1059 4429 no
1083 4395 1222 4429 munorum
1249 4380 1398 4444 cupiditas,
1424 4380 1457 4429 sle
1481 4380 1604 4428 Hutieno
1628 4394 1684 4428 non

395 4476 549 4535 corruptum
575 4486 635 4519 esne
654 4484 789 4534 tunquam.
843 4465 864 4499 ¹²
882 4462 1238 4530 Quernum—Botneenrn]
1256 4465 1409 4528 Eleganter
1427 4465 1581 4514 nominibus
1599 4462 1684 4513 ludit:

395 4555 558 4606 (iniliohnns
581 4557 718 4618 Qisornns,
737 4556 921 4615 normannus,
947 4554 1019 4601 inter
1041 4551 1155 4600 Luthori
1181 4552 1385 4615 impugnatores
1409 4550 1530 4599 infirmos
1553 4565 1683 4599 recense·

395 4647 451 4702 tnr;
476 4643 612 4691 Bntnoous
635 4642 749 4690 Ernsmo
774 4646 826 4694 est.
853 4640 960 4704 opinor,
992 4636 1101 4686 Nntnlis
1120 4635 1211 4694 Bsdn,
1243 4637 1360 4700 insignis
1383 4636 1558 4684 Rotorodnmi
1582 4635 1682 4684 hostis.

394 4727 415 4759 ¹²
432 4726 535 4776 'struas
550 4724 592 4791 N.]
612 4728 644 4775 ‹lo
660 4727 768 4784 Gonbn,
784 4723 977 4775 (farrnolitnrn't
992 4723 1034 4771 (tf.
1049 4724 1118 4787 Epp.
1133 4723 1165 4769 0.
1180 4720 1211 4769 V.
1226 4722 1247 4770 Ι.
1260 4722 1280 4770 Ι.
1325 4721 1344 4752 ¹³
1358 4722 1394 4769 oi.
1410 4722 1526 4770 loannes
1539 4719 1681 4778 standinh,

393 4814 426 4862 do
446 4829 497 4876 qno
511 4814 614 4861 lirnsnr.
635 4813 703 4876 ΕΜ).
718 4812 779 4860 xn.
802 4810 839 4859 lb.
860 4810 918 4858 nivo
938 4809 979 4857 orl.
997 4807 1069 4856 ltin.
1090 4807 1136 4855 fol.
1158 4824 1182 4870 p.
1197 4807 1255 4854 iulii.
1269 4823 1325 4870 sqq.
1346 4807 1383 4855 n⁰.
1397 4805 1453 4854 nlb.
1525 4803 1546 4836 ¹⁴
1565 4804 1682 4870 opplan-

393 4900 491 4949 dnntos
512 4902 535 4946 t.
595 4896 615 4928 ¹⁵
633 4887 710 4963 βάλλ’
723 4884 791 4960 out}
811 4896 851 4944 sio
865 4895 931 4942 fori!
983 4891 1006 4924 ²⁰
1025 4894 1120 4957 inspuo
1139 4889 1197 4955 uto}
1218 4892 1308 4952 Magis
1326 4893 1455 4955 totnporis
1474 4906 1554 4955 qnnrn
1573 4892 1683 4940 Eranmi

394 4986 489 5035 vit-inni
514 4985 578 5034 snit..
604 4982 673 5047 ‹lnosl
698 4982 749 5046 ipsi
771 4981 811 5029 iun
831 4980 972 5043 spurcitiis·
992 4995 1039 5043 pro
1059 4978 1170 5026 fris-,otiis
1189 4976 1339 5041 plnooront.
1415 4973 1437 5007 ²³
1458 4977 1517 5024 Non
1537 4976 1683 5026 admodum

393 5072 526 5129 feliciter,
547 5076 577 5117 nt
595 5068 662 5118 milri
680 5066 787 5132 quiden}
807 5066 926 5125 videtur,
946 5065 1076 5113 Ernsnsns
1095 5063 1219 5111 inritatur
1237 5064 1348 5126 Expost.
1362 5061 1401 5121 ἐξ.
1417 5060 1472 5110 155.
1487 5077 1527 5125 sq.
