3934 6034
515 716 712 768 cccxxxlu.
733 731 851 767 soonam
864 730 967 766 aaron
980 729 1123 765 sovaoovs
1136 728 1309 765 nsonuotuss
1322 728 1455 764 ursioni.
1556 694 1629 767 297

347 907 435 966 quam
456 891 547 949 bonus
567 892 612 949 itti
631 890 779 957 inrideat:
800 891 845 947 sia
868 890 955 946 aliter
975 897 1031 959 cst,
1049 904 1175 962 prorsus
1194 888 1327 946 insaniat
1348 888 1400 961 qui
1418 888 1504 945 artem
1518 884 1633 957 samam

347 998 485 1068 cuiquam
500 994 638 1052 inrideat.
684 992 747 1064 Epo
768 995 795 1050 si
813 1007 918 1064 queant
939 994 1069 1063 assequi,
1090 1005 1227 1064 ciperem
1244 1006 1309 1047 mea
1323 998 1468 1065 perpetuo
1483 997 1513 1047 ct
1525 990 1623 1047 omni-
1635 993 1701 1044 §.²¹²1

348 1098 400 1157 bns
421 1097 589 1170 ropionibus
610 1099 670 1169 lapi
693 1097 899 1170 potiusquam
922 1095 1101 1172 temporario
1119 1091 1227 1164 sarcre
1252 1094 1339 1166 rapi·
1366 1095 1472 1165 arcodsi
1492 1110 1548 1151 non
1570 1108 1635 1149 me-

349 1206 454 1258 rentur
474 1201 540 1273 ipsa
562 1201 685 1257 utilitate
705 1197 843 1269 sanorem
864 1199 994 1267 lectoris,
1020 1211 1139 1254 manunt
1159 1212 1216 1254 non
1238 1198 1390 1266 oarterbn,
1417 1198 1533 1254 etiamsi
1553 1210 1637 1253 riemo

326 1306 438 1375 stipat.
482 1302 552 1359 ‘Sed
568 1298 663 1375 pueri'
686 1301 821 1372 inprtiunt
836 1300 928 1358 ‘erotis
945 1298 1070 1357 lutberi
1088 1315 1191 1357 nomen
1211 1314 1317 1358 uocare
1339 1295 1528 1358 assuescunt.
1550 1315 1637 1373 prec-

349 1408 466 1464 stiterat
484 1412 517 1462 ut
537 1406 740 1462 assuescerent
760 1417 865 1460 uocare
891 1417 993 1459 nornen
1022 1402 1107 1468 lesa·
1128 1417 1298 1474 putationum
1325 1403 1376 1460 ubi
1400 1405 1460 1460 sint
1480 1404 1530 1461 isti
1547 1401 1641 1476 pueri

351 1510 464 1574 nescio·
483 1507 623 1579 fortassis
642 1505 788 1564 llattcnus
806 1507 871 1563 ittos
890 1505 962 1564 uidit
981 1507 1013 1562 in
1035 1520 1107 1562 arce
1120 1503 1287 1564 Francisei.
1329 1501 1412 1578 *epo
1433 1505 1560 1578 quotidie
1580 1520 1639 1561 ea-

347 1612 451 1685 pcrior
474 1625 561 1682 qctam
582 1611 666 1667 metiti
679 1618 826 1682 potentes,
855 1607 948 1680 docti,
972 1623 1081 1679 praees
1104 1614 1133 1664 ct
1153 1607 1222 1666 boui
1241 1609 1299 1665 oiri
1317 1615 1495 1667 enecrentnr
1518 1605 1640 1665 lutberi

352 1730 470 1782 nomeu,
491 1728 613 1784 auorum
636 1713 703 1768 tutis
724 1716 767 1768 est
788 1710 929 1781 eruditio,
952 1711 1021 1769 talis
1043 1710 1109 1767 rittc
1129 1712 1308 1784 synceritas,
1333 1717 1366 1769 ut
1386 1713 1436 1768 rim
1456 1713 1564 1785 possim
1584 1727 1638 1767 sn-

319 1817 468 1889 rospiaari
488 1817 532 1872 cet
554 1813 664 1885 affecta
687 1830 795 1871 errare
816 1815 880 1872 iilos
902 1816 947 1871 oet
967 1813 1085 1871 incilicia.
1132 1812 1147 1845 ·'³⁵
1161 1813 1203 1870 Ac
1221 1831 1258 1871 ne
1280 1815 1317 1872 de
1338 1815 1407 1874 sede
1429 1814 1545 1888 attidem
1565 1811 1708 1876 lia-§.ns

353 1934 444 1976 mana
462 1932 593 1989 sinaitam
613 1919 812 1975 inconstanter
833 1918 968 1989 loquutus
989 1931 1069 1973 sam:
1099 1918 1287 1990 tyrannidem
1309 1925 1339 1976 et
1358 1921 1556 1994 rapacitatem
1575 1933 1641 1974 ccc-

354 2027 475 2093 teraoue
495 2021 579 2088 nitia,
605 2019 642 2077 de
669 2019 772 2090 ortibus
799 2021 858 2076 iam
885 2021 953 2076 otim
981 2027 1061 2077 retus
1088 2035 1125 2078 ac
1148 2020 1229 2079 bonis
1249 2022 1321 2080 uiris
1339 2023 1499 2081 conrmnnis
1520 2019 1641 2093 querna

353 2132 408 2193 est,
432 2138 583 2195 uunoaam
602 2122 735 2196 probaui.
780 2117 862 2181 *uec
880 2121 1080 2195 indnipentias
1097 2139 1220 2194 usquam
1241 2127 1271 2183 in
1290 2132 1379 2183 totam
1394 2126 1510 2190 damno,
1528 2124 1645 2182 etiamsi

354 2228 583 2299 cauponationes
602 2228 670 2286 illas
689 2227 957 2301 impudentissimas
976 2242 1092 2300 semper
1107 2227 1264 2285 detestatus
1284 2244 1356 2285 sum.
1401 2229 1476 2302 auid
1496 2228 1533 2287 de
1555 2244 1643 2286 cere-

321 2330 459 2386 rsmoniis
475 2330 614 2401 sentiam,
632 2330 703 2389 libri
722 2331 780 2387 mei
797 2333 895 2388 multis
914 2332 986 2389 Iocis
1001 2336 1154 2388 testantur.
1199 2326 1287 2389 *tior
1304 2347 1371 2390 occo
1390 2341 1547 2390 execratas
1567 2345 1631 2389 sum
1644 2343 1711 2393 §.nt

355 2435 401 2490 ius
422 2435 596 2492 canonicum
618 2439 647 2491 et
661 2434 832 2507 pontificum
853 2428 950 2491 scita?
972 2428 1081 2501 *Ouid
1102 2439 1197 2491 autem
1217 2436 1254 2491 sit
1273 2437 1439 2508 pontitioem
1460 2436 1488 2492 in
1510 2434 1644 2492 ordinem

355 2536 507 2607 redipere,
536 2551 592 2593 nan
621 2537 695 2594 satis
716 2538 855 2607 inteitipo.
900 2535 1033 2594 Primum
1052 2538 1157 2610 opinor
1176 2534 1322 2606 fatebitur
1341 2537 1445 2596 Bomce
1465 2554 1528 2595 csse
1547 2538 1644 2595 ecete-

356 2640 448 2695 siam:
471 2653 539 2694 narn
563 2639 718 2697 multitudo
740 2640 886 2697 matorum
904 2656 961 2698 non
983 2637 1091 2711 eflicit,
1121 2641 1293 2711 quominus
1314 2642 1512 2710 siteoeiesia,
1534 2639 1648 2709 alioqui

358 2742 456 2797 nultos
474 2740 648 2799 baberemus
668 2743 817 2800 ecclesias.
860 2750 890 2799 et
909 2742 1040 2799 arbitror
1060 2758 1123 2800 esse
1144 2742 1357 2800 ortbodoram:
1378 2759 1448 2801 nam
1466 2742 1649 2814 siqui-minti

323 2849 426 2901 rosina
445 2844 542 2916 impii,
566 2849 661 2901 tamen
683 2846 713 2901 iu
730 2844 811 2902 bonis
827 2853 925 2902 ruanet
943 2846 1078 2903 ecclesia.
1122 2844 1191 2902 buia
1208 2855 1305 2902 autem
1323 2846 1456 2903 ecclesia
1478 2845 1562 2903 tiabit
1579 2845 1647 2918 opi-

359 2961 414 3003 nor
434 2949 621 3020 episcopam:
641 2962 709 3005 eum
728 2949 863 3020 patietur
883 2964 946 3005 esse
960 2949 1228 3021 metropolitanum,
1243 2952 1491 3020 posteaquam·tot
1504 2955 1573 3006 snut
1590 2963 1646 3003 ar-

359 3048 540 3122 chicpiscopi
558 3050 588 3106 in
612 3049 657 3107 bis
672 3050 855 3122 ropionibus,
877 3052 906 3107 ia
923 3049 1027 3122 ouibus
1041 3051 1139 3108 nullus
1160 3065 1290 3121 scapnam
1303 3048 1366 3121 suit
1380 3053 1538 3124 apostolus,
1560 3066 1648 3122 autem

359 3150 454 3208 Rama
484 3150 590 3209 intbcat
609 3160 637 3209 et
657 3152 775 3211 Petrum
797 3160 826 3210 et
845 3151 987 3223 Pitaium,
1017 3151 1089 3209 duos
1109 3153 1172 3209 sine
1191 3154 1389 3210 conmanersiu
1410 3169 1545 3212 summos.
1590 3154 1649 3209 iam

361 3255 438 3311 inter
455 3257 692 3328 metropolitanos
709 3256 782 3327 antid
795 3255 920 3313 absurdi
931 3257 969 3312 sit
984 3256 1012 3312 si
1022 3256 1139 3327 primus
1153 3255 1233 3313 iocus
1248 3255 1335 3312 detur
1347 3258 1482 3329 pontifici
1494 3250 1650 3314 Remuria?

326 3368 431 3414 rsnam
453 3356 532 3415 barte
552 3363 664 3415 tantam
684 3364 868 3431 potestatem,
890 3373 979 3429 piram
999 3357 1056 3414 sibi
1074 3359 1181 3414 seculis
1200 3359 1312 3430 atipuot
1331 3365 1530 3432 usurparunt,
1551 3360 1649 3416 restitns

361 3459 477 3518 audiuit
496 3476 541 3518 me
569 3459 786 3531 defendentem.
829 3459 890 3517 Sed
910 3458 1057 3517 Ilnttenus
1084 3460 1141 3516 non
1164 3459 1230 3531 sert
1252 3462 1419 3533 pontificem
1446 3463 1636 3536 pestilentem.
1650 3474 1717 3525 9:215,

363 3563 397 3619 iet
409 3569 545 3636 optamus
559 3578 673 3634 omncs,
695 3571 727 3621 ut
736 3562 878 3637 paruisex
892 3564 929 3619 sit
944 3564 990 3619 uir
1003 3563 1161 3635 apostatico
1175 3562 1238 3619 loco
1253 3562 1369 3635 dipnus.
1413 3564 1486 3636 antid
1506 3566 1534 3622 si
1553 3566 1578 3622 is
1593 3581 1650 3621 non

363 3660 533 3736 continpat?
552 3662 748 3739 ‘depcltcttar'.
773 3668 856 3738 atqui
868 3666 970 3723 eadent
988 3667 1103 3723 ratione
1122 3664 1291 3738 depellendi
1303 3676 1399 3724 essent
1411 3683 1509 3725 martes
1523 3668 1654 3741 episcopi

363 3769 415 3838 arri
434 3783 490 3824 non
506 3765 677 3839 [crispantur
691 3766 790 3838 officio
804 3783 865 3825 suo.
906 3766 976 3826 ‘Sed
986 3769 1144 3841 prucipua
1159 3768 1264 3826 mundi
1273 3770 1363 3842 pestis
1376 3771 1436 3827 iam
1451 3772 1547 3828 multis
1566 3771 1654 3827 antitis

329 3881 354 3921 so
360 3871 484 3942 [bituito
505 3868 615 3927 Roma'.
666 3869 780 3928 Utinam
795 3873 896 3928 liceret
914 3869 1009 3928 istbue
1025 3872 1156 3941 inficiari
1160 3892 1170 3937 ,·
1186 3876 1218 3927 at
1230 3872 1289 3927 iarn
1304 3873 1426 3944 cantipit
1432 3870 1583 3945 pontisas,
1603 3874 1655 3943 aui

363 3974 483 4031 summis
498 3978 530 4029 nt
544 3973 676 4031 arbitror
691 3974 801 4032 uiribus
815 3973 870 4030 boe
884 3976 954 4045 cpit,
973 3977 1004 4030 ut
1018 3989 1082 4030 eam
1100 3973 1198 4031 sedem
1213 3978 1242 4030 et
1257 3975 1372 4031 curiam
1392 3974 1473 4032 nobis
1490 3982 1652 4047 purpatam

363 4074 483 4132 reddat.
520 4074 560 4131 Id
580 4092 638 4132 non
659 4082 763 4148 sperat
777 4076 934 4134 llutteuus.
977 4082 1006 4133 et
1020 4082 1115 4133 tamea
1133 4076 1226 4133 murita
1243 4083 1312 4133 sunt
1333 4092 1400 4148 qrtca
1421 4092 1501 4150 spem
1522 4077 1653 4150 aliquam

363 4176 538 4243 ostendant‚·
559 4184 588 4234 et
599 4178 746 4249 ebaritas,
761 4181 846 4237 iuxta
862 4178 1001 4248 Paulina,
1017 4185 1119 4251 sperat
1132 4180 1239 4236 omnia.
1283 4176 1392 4248 (brodsi
1405 4177 1553 4237 Hnttenus
1570 4181 1645 4236 ritiis
1655 4190 1721 4239 §.un

366 4279 471 4337 bellum
497 4279 607 4336 indixit
635 4296 691 4338 non
715 4281 892 4348 bonrinibus,
924 4280 1047 4339 Romam
1066 4286 1221 4354 properet,
1250 4280 1370 4339 adiuret
1388 4281 1468 4339 bttno
1486 4283 1654 4354 pontificem

331 4392 357 4432 ³⁵
367 4381 422 4439 boc
438 4387 590 4439 cursantem
611 4382 690 4453 quod
710 4384 772 4457 ipse
790 4385 915 4442 molitur.
958 4383 1013 4441 sed
1025 4382 1169 4442 Hutternts
1184 4382 1295 4441 indicit
1308 4382 1412 4441 bellurn
1428 4382 1563 4442 Romano
1574 4400 1656 4459 pon-

367 4486 439 4555 tifici
458 4491 487 4541 et
506 4484 638 4541 omnibus
660 4488 712 4557 qai
732 4488 777 4544 itti
792 4486 956 4545 adbarcnt.
1001 4487 1128 4543 ctiaome
1150 4486 1223 4543 bono
1244 4487 1379 4559 pontifici
1398 4485 1503 4543 bellum
1526 4481 1657 4544 indixit?

367 4587 440 4658 qnid
456 4591 552 4644 aretem
572 4585 670 4658 facita
686 4588 731 4645 bis
752 4590 804 4659 aui
824 4591 948 4646 roicrrtcs
968 4589 1097 4645 nolentes
1118 4587 1280 4646 adiicerent
1296 4584 1449 4661 pontifici?
1471 4588 1545 4661 quid
1562 4586 1659 4659 saciet

369 4687 484 4746 Casari
509 4691 561 4761 ani
583 4692 717 4764 pontifici
742 4692 939 4748 iunctissimus
967 4685 1032 4747 cst?
1069 4688 1178 4759 Quodsi
1199 4689 1304 4747 beilum
1322 4692 1456 4764 appellat
1479 4692 1660 4766 depopulari

436 4924 601 4991 ⁵inqiiinint]
621 4926 842 4992 tlxpostsooo.
863 4928 921 4977 lloc
944 4928 1074 4976 ridiculam
1098 4927 1168 4976 bilem
1192 4930 1264 4975 morit
1283 4927 1400 4976 Ernsmo.
1454 4926 1472 4959 ¹¹
1497 4929 1656 4978 inconstan-

369 5010 420 5076 ter]
442 5012 476 5059 ci.
492 5013 603 5076 I‘prost.
617 5016 656 5073 ἕξ.
671 5012 711 5062 33.
728 5011 783 5061 lto.
801 5011 857 5061 168.
868 5030 906 5077 sq.
922 5018 950 5062 ot
962 5013 1024 5062 vida
1037 5027 1120 5077 snpra
1133 5011 1221 5071 §.tia
1280 5010 1301 5042 ¹⁵
1318 5012 1373 5062 I'bi
1391 5029 1456 5063 vero
1474 5011 1534 5082 ctc.]
1554 5015 1589 5064 cs.
1603 5015 1656 5066 Ex·

370 5102 439 5162 post.
453 5100 476 5156 ξ.
491 5096 531 5147 33.
584 5096 605 5129 ³³
624 5095 713 5162 Pani]
734 5114 775 5162 ep.
791 5098 811 5147 1.
826 5097 860 5147 ad
874 5097 935 5147 Cor.
950 5097 1027 5147 XIII.
1040 5097 1065 5145 t.
1117 5095 1140 5129 ³⁷
1158 5097 1247 5147 saciat
1265 5102 1289 5146 5.
1300 5100 1323 5148 o.
