3934 6034
468 709 666 760 cccxxxlu.
688 724 807 759 sroxaia
821 724 921 759 anesin
936 724 1079 759 aosuusss
1093 722 1265 758 asexuomes
1280 722 1411 757 uvarum.
1513 692 1586 763 317

298 884 401 941 tionem
425 882 534 942 babent
559 886 690 943 latrones
716 899 753 942 ac
774 890 909 957 pyratae:
935 880 1085 941 Halieuus
1107 881 1241 953 crqnoscit
1258 880 1417 938 amicitiam
1435 882 1585 954 eximiam,

297 988 431 1056 ciqnoscit
451 987 580 1059 insiqnia
601 988 707 1043 merita
729 987 759 1043 in
784 1001 846 1043 rcm
863 985 1014 1058 publicam
1031 991 1120 1055 utque
1139 984 1227 1040 etiam
1254 984 1284 1039 in
1308 984 1402 1055 ipsum
1429 983 1587 1055 quadam,-

297 1094 326 1146 et
352 1097 448 1147 lamen
478 1090 562 1147 arula
590 1090 743 1147 lacessitus
771 1089 897 1158 iniuria,
920 1088 1076 1162 perruptis
1101 1084 1233 1143 omnibus
1258 1086 1427 1155 qratiarum
1454 1088 1585 1157 uincatis,

297 1191 409 1249 iuuenis
429 1207 543 1261 senem,
566 1197 605 1248 tot
625 1192 778 1260 conuiciis,
801 1194 841 1247 tot
858 1190 948 1259 riuis,
968 1194 1008 1247 tot
1026 1190 1132 1261 iurqiis
1152 1189 1297 1261 conspuit,
1317 1186 1451 1261 colaphis
1471 1195 1500 1245 ct
1514 1191 1586 1246 asa-

276 1306 288 1345 5
294 1295 343 1365 pis
362 1294 465 1366 credit,
488 1293 642 1352 contundit
661 1309 706 1364 os,
728 1298 831 1365 raptat
845 1307 883 1349 ac
903 1298 1014 1362 uersat,
1029 1291 1158 1365 perinde
1179 1290 1267 1362 quasi
1279 1290 1459 1362 mancipium
1479 1290 1517 1348 de
1533 1292 1584 1348 la-

295 1394 366 1467 pide
387 1403 516 1469 emptum
539 1402 658 1465 tractet,
682 1410 739 1453 non
762 1393 930 1452 Erasmum.
972 1400 1001 1451 et
1020 1393 1077 1450 sibi
1091 1392 1258 1466 persuadet
1277 1393 1404 1464 aliquem
1423 1390 1494 1463 sore
1515 1398 1574 1450 tam
1587 1400 1654 1450 §.ion

297 1497 452 1554 immanem
472 1513 510 1556 ac
525 1497 627 1568 seram
649 1500 678 1555 in
699 1504 756 1555 toto
778 1496 861 1566 orbe,
882 1496 1045 1569 ubicunque
1062 1495 1146 1553 sedes
1163 1504 1206 1552 est
1221 1494 1384 1565 bominum,
1406 1495 1459 1566 qui
1473 1500 1585 1553 taniam

297 1601 506 1658 immanitatem
529 1615 586 1658 non
606 1608 782 1666 eaecretur,·
812 1604 841 1655 et
866 1597 918 1656 iios
943 1600 1049 1671 opinor
1071 1598 1221 1655 cristiani
1244 1613 1306 1654 esse
1323 1611 1419 1655 mores
1437 1597 1586 1657 Lacedae-

297 1702 459 1759 moniorum
481 1717 519 1759 ac
541 1701 785 1771 Massiliensium,
812 1716 892 1774 quos,
906 1700 944 1758 ab
965 1699 1094 1758 Hattcno
1119 1698 1216 1758 discat
1240 1700 1373 1757 iuventus
1396 1698 1581 1759 Germanica.

264 1820 287 1858 ιο
300 1801 361 1874 Epa
379 1809 439 1861 tum
454 1805 497 1862 sic
512 1820 596 1861 eram
611 1802 737 1875 affectus
751 1806 780 1862 in
797 1802 971 1873 Huttenurn,
995 1808 1027 1859 at
1043 1802 1116 1859 miili
1122 1801 1352 1874 persuaderem,
1374 1802 1466 1874 siquis
1479 1819 1574 1861 caor—
1586 1810 1653 1860 §.³⁶2

298 1912 343 1962 tus
359 1903 467 1976 fuisset
488 1908 540 1978 qui
557 1908 710 1979 impeteret
731 1906 904 1975 Ermmum,
935 1906 1016 1963 ilium
1044 1920 1096 1962 sao
1122 1920 1247 1977 corpore
1264 1905 1356 1975 siquis
1378 1906 1456 1962 alius
1477 1905 1586 1979 depul-

296 2021 398 2063 surum
425 2008 584 2074 iniuriam·
611 2010 727 2066 inierim
752 2010 846 2066 amice
874 2008 911 2065 de
937 2009 987 2065 illo
1016 2022 1082 2065 crim
1110 2008 1213 2065 amicis
1231 2005 1385 2078 loquebar,
1414 2005 1585 2079 deserebam

296 2107 442 2180 ospicium,
465 2110 657 2183 deplorabam
676 2109 831 2182 [micenam
847 2110 1019 2179 aduersam,
1040 2110 1180 2167 sollicitus
1197 2110 1284 2166 etiam
1306 2109 1403 2165 atilli
1421 2125 1470 2166 res
1490 2118 1586 2167 essent

297 2217 366 2269 tutae
387 2214 416 2270 in
436 2224 594 2285 pusacium.
640 2223 728 2286 atque
749 2213 797 2271 iiic
821 2211 1013 2269 inurbanitatis
1034 2214 1154 2269 antistes
1176 2212 1252 2268 uelut
1269 2227 1309 2268 ee
1327 2211 1442 2269 insidiis
1463 2213 1517 2269 tuli
1531 2213 1573 2270 li·
1585 2224 1652 2274 §.aaa

268 2314 371 2372 coctio
394 2315 532 2374 adoritur
553 2317 694 2385 anciram,
724 2330 808 2387 quem
835 2330 950 2388 semper
972 2315 1204 2372 reuerentissime
1224 2315 1328 2385 caluit,
1355 2315 1439 2372 cuius
1460 2316 1587 2373 carriciei

297 2414 419 2488 deferre
441 2417 554 2488 debuit,
575 2420 659 2476 citius
678 2419 709 2474 in
730 2417 851 2490 publiea
873 2417 973 2474 stadia
995 2425 1083 2490 atquc
1103 2417 1192 2474 elilim
1214 2417 1245 2473 in
1265 2434 1296 2474 se
1316 2418 1423 2474 merita
1442 2420 1583 2489 aquoscit.

297 2518 415 2577 Indicit
433 2518 539 2578 bellum
557 2518 803 2590 Ilomanemsibus‚
826 2519 880 2578 sed
900 2534 1006 2576 reuera
1027 2519 1132 2577 bellurn
1152 2520 1231 2590 pera
1251 2535 1318 2577 cum
1332 2518 1428 2576 Musis
1448 2524 1477 2576 el
1493 2518 1571 2576 Gra·
1586 2529 1653 2580 §.aaa

296 2623 352 2678 tiis.
398 2623 428 2678 in
449 2621 543 2680 bostes
562 2622 698 2693 qladium
720 2622 806 2679 liabet
825 2622 1026 2692 incruentum,
1055 2622 1085 2679 in
1110 2622 1219 2680 amicos
1245 2622 1342 2679 stilum
1366 2621 1453 2679 babet
1473 2637 1586 2679 crucu-

296 2730 365 2780 turn.
409 2724 468 2780 iani
489 2726 586 2782 nescio
607 2740 663 2796 quo
682 2726 799 2782 norrrine
821 2724 930 2783 danari
952 2723 1058 2782 debeat
1078 2723 1157 2796 qaod
1181 2724 1359 2782 criminatur
1385 2739 1430 2782 me
1457 2725 1585 2796 iustiqu-

261 2835 387 2883 uitorcm
406 2827 533 2884 omnium
553 2828 741 2897 tumultuum,
771 2842 840 2883 mon
862 2827 1076 2884 cuardescentc
1097 2826 1233 2884 incendio
1260 2825 1447 2883 dissimulare
1468 2824 1585 2898 sactum

295 2934 324 2985 ct
343 2928 479 2986 cralrersce
499 2930 586 3002 parti
611 2928 759 2996 blandiri·
782 2931 887 3002 opinor
908 2928 1064 2999 saliuam,
1095 2934 1127 2985 ut
1144 2927 1289 2986 Huitcrnts
1316 2930 1443 2986 omnium
1465 2944 1584 2987 suorum

294 3030 481 3101 sucinorum,
512 3048 579 3103 quce
601 3030 755 3089 biouortiis
777 3032 912 3104 auspitiis
932 3037 1014 3089 terra
1036 3032 1172 3103 ararique
1191 3031 1285 3103 perit,
1312 3046 1358 3087 rne
1376 3028 1476 3101 saciat
1497 3032 1584 3096 insti-

293 3140 435 3205 qatorem.
476 3134 566 3206 Atqui
580 3134 610 3190 in
628 3134 749 3207 epistola
764 3148 853 3205 quam
868 3150 963 3206 irriper
980 3134 1024 3191 acl
1036 3149 1081 3191 mc
1093 3136 1224 3207 scripsit,
1243 3134 1287 3191 sic
1301 3134 1445 3206 loquitur:
1464 3132 1574 3205 „abuma
1585 3149 1651 3200 §.un

296 3237 437 3308 „instiqat
450 3234 627 3305 Italicuum,
650 3250 704 3293 nec
722 3237 771 3293 ilie
790 3237 914 3293 sustinet
933 3252 952 3293 a
975 3251 1120 3308 quaquam
1136 3231 1303 3307 instiqari'.
1348 3234 1409 3304 Orto
1428 3237 1521 3308 iqitur
1535 3252 1587 3295 ore

261 3354 376 3396 osririnc
397 3353 442 3395 me
461 3335 540 3408 iacit
558 3339 687 3395 omnium
709 3339 925 3410 instipatum,
954 3337 1098 3397 bominem
1120 3340 1230 3397 nullius
1251 3337 1337 3413 apud
1354 3339 1450 3412 ipsum
1466 3339 1587 3412 ponde-

296 3442 354 3504 ris,
376 3455 465 3512 qucum
483 3439 605 3498 Huiteui
624 3426 734 3517 θυμὸς
757 3426 891 3517 ἀγήνωρ
914 3456 933 3497 a
952 3443 1067 3499 nemine
1086 3442 1252 3499 mortalium
1271 3443 1414 3499 sustineat
1427 3436 1587 3513 instiqari?

297 3542 406 3601 Missas
423 3542 576 3613 facirunus
597 3543 793 3601 conuiuiorum
812 3541 937 3615 subulas
959 3544 1025 3601 uino
1047 3545 1219 3617 inscriptas,
1248 3544 1415 3600 omittamus
1434 3541 1574 3614 [ancilia—
1587 3559 1653 3610 §.ua

295 3647 344 3702 ria
365 3647 510 3717 colloquia
533 3645 637 3718 quibus
659 3647 735 3704 inter
752 3663 784 3704 se
798 3645 942 3718 qarriuul
961 3647 1065 3715 amici,
1093 3661 1159 3717 eqo,
1184 3653 1216 3703 ut
1236 3645 1315 3717 dixi,
1338 3647 1448 3718 quoties
1467 3662 1516 3708 res
1536 3662 1587 3704 se-

296 3749 373 3805 riam
391 3749 543 3806 consilium
563 3748 746 3821 postulabat,
769 3764 885 3823 semper
906 3748 948 3805 ad
959 3748 1161 3807 moderatiora
1177 3749 1293 3806 crocaui:
1315 3746 1509 3806 Rercciiliuuni
1524 3748 1585 3806 ad-

262 3851 410 3919 unionui,
433 3866 470 3907 ue
491 3851 616 3909 laederet
635 3851 772 3921 ordines,
793 3860 822 3909 et
844 3851 1000 3924 deplorari
1020 3852 1100 3924 qaod
1120 3852 1151 3908 in
1169 3852 1306 3925 apoloqia
1325 3852 1368 3908 sic
1387 3849 1586 3922 efferbuisset:

295 3954 401 4025 opinor
421 3959 528 4010 eattae
545 3955 683 4027 epistolas
705 3956 734 4012 in
758 3956 838 4012 illius
859 3953 990 4024 sciiedis,
1019 3971 1087 4026 quae
1117 3960 1200 4013 testes
1223 3960 1310 4012 eriam
1334 3969 1380 4011 me
1402 3969 1472 4011 ocra
1495 3954 1583 4027 ioqui.

295 4071 349 4112 nec
369 4055 454 4113 aliud
474 4057 554 4114 sensi
574 4055 611 4113 de
631 4055 777 4123 Lutlrero;
799 4056 837 4113 ae
860 4057 963 4114 comite
984 4072 1004 4113 a
1024 4056 1106 4114 b'ooa
1128 4058 1230 4129 aquila
1253 4056 1311 4113 iam
1332 4062 1401 4114 artie
1422 4058 1573 4123 recensui·
1586 4073 1651 4129 §.uu

295 4157 332 4214 de
351 4156 477 4215 Huttcao
498 4157 573 4215 nibil
592 4156 727 4229 effutiam
749 4175 788 4217 ea
810 4161 932 4216 arcanis
954 4161 1109 4218 amicitia:
1139 4165 1250 4218 tanturn
1278 4159 1332 4217 iioc
1352 4157 1485 4230 referam
1506 4159 1586 4231 qaod

294 4261 343 4318 ille
361 4260 446 4318 libris
464 4261 560 4318 ceditis
575 4263 666 4319 uoluit
680 4261 813 4321 omuibus
826 4276 889 4319 esse
903 4264 1133 4320 astutissimam:
1157 4277 1244 4336 quum
1261 4268 1336 4320 esset
1354 4260 1439 4334 apud
1451 4278 1497 4319 me
1511 4261 1573 4319 Lo-
1586 4279 1652 4328 §.uu

259 4364 389 4431 usuardi,
411 4364 535 4435 expetiit
554 4369 697 4422 secretum
720 4365 908 4437 colloquium,
931 4381 985 4423 nec
1008 4380 1139 4437 unquam
1161 4365 1234 4422 milri
1254 4378 1320 4423 curn
1343 4365 1392 4422 illo
1409 4362 1473 4436 suit
1492 4366 1582 4422 ullum

289 4470 404 4537 prater
425 4464 479 4522 icoc
499 4481 598 4524 renum.
643 4468 730 4540 capit
750 4483 979 4525 commemorare
1006 4468 1044 4525 dc
1069 4467 1143 4526 bello
1164 4467 1322 4525 indicendo
1344 4465 1584 4539 Romaneusibas‚

297 4582 498 4590 ...ᾳ-

292 4634 385 4681 senior
409 4648 463 4682 non
483 4632 535 4681 fuit
555 4649 635 4697 quam
659 4635 703 4699 qui
726 4635 775 4683 hus
800 4634 907 4684 notulas
932 4634 1040 4694 scribo,
1066 4650 1154 4699 noque
1178 4651 1243 4686 voro
1263 4635 1342 4684 inco
1362 4635 1505 4685 consentio
1524 4650 1584 4684 oum

292 4718 418 4771 ilrusmo.
439 4722 495 4766 tom
514 4720 682 4768 commodam
701 4736 756 4768 roni
777 4726 948 4769 senectutem
967 4736 1042 4778 esso,
1062 4726 1093 4768 ut
1110 4722 1172 4785 ipso
1189 4720 1249 4769 sola
1267 4720 1310 4770 vel
1330 4720 1458 4784 querulos
1476 4720 1584 4769 vetulos
1657 4763 1661 4771 .

292 4818 395 4853 priusve
414 4803 588 4854 venerabiies
608 4804 713 4853 reddat.
769 4803 776 4834 ¹
796 4821 853 4869 pyr.
873 4821 965 4853 omnes.
1013 4803 1154 4870 ³nulla]‘i
1200 4805 1295 4870 ‘aliq
1316 4802 1386 4868 iore]
1407 4806 1475 4854 Tam
1490 4807 1581 4854 corici-

292 4893 350 4936 tato
367 4889 409 4937 sui
428 4888 519 4938 sinidio
538 4890 638 4952 flagrat
661 4890 804 4949 Erasmus,
829 4891 906 4938 utin
926 4889 1044 4939 lectores
1068 4891 1167 4954 quibus
1186 4892 1324 4939 Huttonus
1347 4890 1485 4955 placeret,
1512 4896 1583 4940 atro-

290 4974 367 5021 eiora
391 4987 469 5037 quma
496 4975 522 5022 in
542 4976 629 5039 ipsum
649 4974 788 5023 liuttonus
812 4976 939 5025 convicia
964 4979 1082 5025 evomat.
1164 4975 1186 5008 ²⁶
1210 4977 1281 5042 θυμ.
1300 4966 1357 5040 dp]
1377 4983 1504 5025 strenuus
1523 4977 1582 5026 ani-

291 5074 358 5108 nius.
379 5061 547 5122 (ilonirrice.)
600 5111 603 5118 ,
