3934 6034
328 653 402 728 ‘lllll
433 667 697 723 ccouvtnmsm
709 669 1222 725 necron.cnrun.CCCLVIll.unr.un
1233 682 1540 728 consumentium.
1550 681 1608 724 tstt.

328 848 401 904 tione
424 863 513 903 secum
535 846 648 903 ‹tucetm
668 847 737 903 tluos
765 847 862 903 lrntres
891 866 969 911 suos,
1000 847 1124 905 loannem
1146 848 1284 922 aliquanto
1312 860 1377 907 natu
1403 850 1554 912 minorem,
1581 858 1609 907 et

328 932 504 995 Stnuislunm,
529 941 676 1006 utrumque
697 932 808 1005 pulchre
827 931 978 996 literatum.
1008 950 1056 989 uec
1075 933 1155 991 aliter
1174 935 1298 991 allectum
1319 953 1386 1010 ergo
1409 935 1494 991 buum
1515 935 1609 991 literas

329 1036 407 1092 quam
430 1018 583 1091 metipso:
611 1017 637 1072 in
666 1017 763 1091 quibus
793 1018 917 1091 qriouiom
946 1036 1039 1074 omnes
1063 1018 1114 1074 sibi
1144 1029 1332 1094 persuaserant
1355 1038 1396 1076 ure
1417 1038 1477 1076 esse
1498 1019 1608 1094 aliquiil.

327 1104 394 1177 ipsis
416 1101 549 1159 oculisne
572 1102 675 1163 lroute,
698 1110 811 1176 totoque
831 1104 902 1176 quod
923 1104 1024 1159 elicitur
1044 1122 1160 1178 corpore
1182 1105 1274 1161 mirum
1298 1106 1429 1181 quamlam
1448 1106 1475 1160 iu
1497 1123 1540 1162 ine
1555 1106 1610 1180 spi·

327 1187 422 1245 rubant
442 1186 663 1243 benevolentiam.
706 1188 797 1244 taliirm
819 1188 957 1244 bominum
978 1190 1094 1245 lm’orem
1118 1198 1148 1245 ut
1164 1207 1218 1245 uon
1236 1190 1372 1247 illibenter
1386 1190 1526 1265 amplexus
1541 1202 1630 1251 sums

327 1274 364 1329 itu
386 1271 511 1346 gratulor
533 1272 610 1328 bouis
633 1272 734 1335 literis,
757 1272 828 1346 quml
852 1273 979 1347 incipiunt
999 1293 1013 1329 a
1037 1274 1212 1330 summanum
1233 1276 1313 1332 etiam
1335 1276 1399 1330 viris
1419 1274 1481 1331 coli.
1516 1275 1568 1331 lam
1585 1275 1608 1331 si

328 1358 447 1431 iniquior
468 1366 526 1412 erut
548 1357 681 1419 luthero,
711 1376 772 1413 eum
801 1358 919 1413 antimum
948 1378 1038 1416 secum
1066 1359 1117 1416 buc
1146 1360 1286 1421 attulerat.
1313 1379 1366 1416 uou
1397 1360 1440 1416 bic
1464 1360 1608 1422 hauseram

327 1461 377 1518 pei·
401 1461 443 1498 mo
467 1443 548 1498 citius
575 1443 668 1498 mitior
694 1445 780 1499 luctus
807 1451 849 1498 cst
877 1461 955 1516 ipuum
986 1444 1111 1501 iritntior.
1152 1463 1185 1500 nu
1207 1446 1271 1501 mibi
1291 1445 1488 1502 submovendus
1510 1454 1605 1501 erata

326 1528 480 1601 colloquio,
508 1527 579 1601 qnod
598 1544 650 1582 uon
674 1529 802 1601 probaret
825 1529 992 1584 bulborum?
1019 1538 1045 1584 ot
1073 1530 1166 1586 eodem
1194 1540 1316 1605 tempure
1343 1547 1397 1586 nun
1416 1530 1540 1587 submovi
1563 1530 1609 1604 qui

327 1621 455 1669 venerant
481 1612 682 1685 Wittenberga.
709 1613 827 1669 luthero
854 1614 1042 1676 mluictissimi,
1075 1615 1248 1689 cupidissime
1272 1616 1377 1671 visurus
1410 1615 1498 1689 ipsum
1526 1617 1641 1671 etiamtt

326 1698 479 1772 Philippum
502 1696 745 1759 blclouclrtbuuem,
775 1699 796 1753 si
825 1699 875 1753 lmc
897 1716 926 1752 se
947 1698 1123 1755 cirritulisset:
1150 1718 1201 1772 ego
1222 1700 1288 1756 uulli
1311 1718 1428 1774 unquam
1454 1700 1607 1756 reuuucimi

326 1784 467 1840 urriicitiom
489 1781 529 1836 vel
552 1784 623 1856 quod
648 1784 673 1837 iu
695 1784 841 1839 bulherum
864 1785 899 1838 sit
922 1785 1097 1858 propensior.
1129 1783 1168 1839 vel
1194 1786 1265 1859 quiiil
1295 1804 1310 1841 u
1337 1785 1456 1841 bulbeno
1484 1785 1609 1846 alienior.

327 1869 407 1924 nroilo
428 1868 492 1924 milri
512 1866 590 1922 belum
612 1878 637 1922 et
660 1885 762 1923 coruom
786 1876 897 1942 praestet
919 1869 1040 1925 uitricum.
1080 1869 1126 1924 sed
1148 1870 1214 1926 istos
1236 1871 1364 1943 quomlnm
1385 1871 1522 1943 ingratos.
1547 1888 1609 1944 per·

327 1953 407 2015 lulos,
428 1952 514 2014 leves,
538 1952 670 2014 furiosos,
700 1953 859 2014 meliboeus,
888 1953 1046 2016 rrinleilicos,
1076 1972 1170 2016 varnos,
1198 1955 1443 2029 perniciosissimos
1464 1955 1558 2010 liostes
1581 1964 1608 2011 et

326 2037 455 2110 evangelii
478 2046 504 2092 et
526 2037 656 2093 buunrum
675 2037 813 2093 literarum
833 2046 859 2093 et
875 2038 989 2111 publium
1005 2039 1208 2113 trnmpiillitntis
1224 2041 1281 2103 mli,
1305 2041 1330 2095 in
1347 2050 1516 2114 utracunque
1533 2050 1609 2113 parte
1622 2048 1643 2088 ¹⁵

327 2124 434 2178 luerint.
481 2125 520 2177 Au
539 2122 669 2178 llieroslni
692 2121 892 2184 munusculum,
921 2124 992 2196 ipuuil
1022 2124 1067 2180 illc
1096 2125 1137 2181 sui
1164 2116 1354 2199 μνημόσυνον
1383 2125 1453 2199 npml
1476 2142 1519 2180 me
1542 2125 1610 2180 resi·

326 2208 389 2265 clere
411 2207 512 2269 voluit.
532 2209 592 2264 iileu
612 2208 747 2263 rusticmnr
769 2207 925 2264 incivilitnte
948 2209 1060 2266 reiicere
1082 2209 1177 2272 ilelmi,
1202 2211 1273 2284 quoil
1297 2210 1342 2266 ille
1360 2209 1429 2266 mule
1445 2210 1561 2266 sentiret
1576 2210 1609 2265 ile

326 2294 463 2349 Lutbero?
486 2295 564 2349 llertc
587 2292 676 2348 nullus
704 2294 855 2366 principum
877 2294 1006 2349 luctenus
1026 2294 1090 2349 milri
1112 2295 1253 2368 qrricqunm
1276 2295 1364 2369 potuit
1388 2295 1536 2350 obtrudere
1556 2295 1608 2351 boc

326 2379 448 2439 nomine.
472 2387 502 2433 ut
526 2378 670 2434 scriberem
694 2378 719 2431 iu
738 2378 899 2439 lmtlierum.
923 2379 995 2451 quoil
1021 2387 1107 2434 turrien
1129 2380 1274 2453 evurrgelici
1299 2380 1405 2453 quidum
1420 2389 1517 2436 cumra
1533 2397 1610 2436 sunm

326 2463 445 2537 ipsorum
468 2463 658 2519 conscientiam
680 2463 910 2536 impudentissime
933 2463 1108 2519 irretitiuutur.
1150 2464 1235 2520 llnbes
1257 2474 1339 2521 totum
1358 2465 1531 2521 comoediam:
1557 2465 1642 2520 tainu

326 2548 382 2604 scio
400 2549 522 2605 licturus
544 2565 587 2609 es,
617 2544 647 2603 τί
666 2545 756 2603 ταῦτα
781 2534 853 2620 πρὸς
875 2538 926 2603 τὸν
948 2539 1117 2603 Διόνυσονῗ
1148 2549 1227 2605 Recte
1248 2567 1355 2611 moues,
1381 2550 1471 2623 itaque
1496 2567 1609 2604 recurro

326 2633 358 2688 ml
377 2634 542 2706 Cutologum.
567 2674 1279 2690 ...............................
1308 2634 1416 2690 Busilom
1447 2635 1531 2690 tertio
1555 2633 1609 2689 tut.

326 2717 496 2775 l'eb1·.llnrro
519 2718 655 2774 ollluislo
678 2727 741 2773 unto
765 2718 796 2772 ll.
806 2718 831 2772 ll.
840 2718 935 2773 XXllll.

770 2855 778 2859 -
826 2848 1089 2865 —-—-·-—-—
1112 2855 1161 2861 ·—--

849 2933 1088 3010 CCOLVHI.
1397 2962 1416 3002 n.
1432 2969 1517 3007 mr.
1534 2964 1593 3003 inei.

1370 3022 1608 3033 ——-—

692 3086 874 3171 [consumis
897 3094 1062 3150 rnvrnmrs
1084 3088 1238 3171 entismo]

324 3299 465 3360 comiciis.
495 3308 524 3354 ut
547 3299 626 3353 etium
649 3298 699 3353 sub
723 3298 842 3372 principe
865 3307 960 3354 nostro
983 3299 1118 3355 Friilerieo
1141 3315 1234 3374 parum
1257 3299 1311 3354 sint
1332 3298 1402 3372 nequi
1426 3309 1472 3355 out
1495 3300 1610 3374 propitii

325 3384 403 3440 bonis
426 3383 498 3439 viris.
538 3381 671 3450 Quorsum
696 3383 786 3437 tenuat
809 3384 945 3439 temeritas
967 3393 994 3439 et
1015 3403 1140 3458 perversa
1164 3384 1314 3439 osteutncio
1336 3401 1389 3438 nou
1419 3384 1506 3440 viileo.
1551 3384 1609 3440 lluu

325 3467 424 3525 obsunt
443 3468 536 3524 currieli
560 3476 587 3523 et
609 3467 762 3541 plriloscoti.
805 3468 907 3524 Nocent
930 3468 1032 3525 llebrmi
1056 3469 1123 3524 mule
1144 3468 1288 3524 llluistinui
1312 3485 1360 3541 per
1382 3469 1500 3541 speciem
1524 3471 1611 3543 pieta·

325 3555 360 3609 tis
389 3553 536 3627 simplicem
563 3552 749 3608 crudelitatem
772 3553 838 3608 miro
862 3554 968 3609 inlricic
988 3564 1201 3627 corrumpentes.
1245 3551 1342 3608 Eurum
1365 3552 1466 3609 scelera
1489 3563 1517 3609 et
1538 3554 1643 3614 inlu-ro

325 3640 377 3693 rius
400 3647 444 3694 tun
466 3638 552 3693 «livino
576 3638 698 3693 oratioue
722 3637 798 3692 lncile
820 3639 922 3711 puteris
948 3638 1055 3699 ulcisci.
1084 3640 1106 3694 si
1129 3638 1217 3694 limum
1244 3636 1360 3711 uliqumu
1387 3638 1414 3692 in
1436 3638 1560 3694 vaticinia
1583 3647 1610 3694 et

324 3724 414 3778 lloscn
433 3722 641 3796 conscripseris.
669 3739 702 3777 uo
726 3723 877 3778 lucinorosn
898 3723 1066 3779 circumcisio
1090 3731 1221 3797 protextu
1244 3739 1380 3778 sacrorum
1405 3720 1547 3779 literarum
1567 3741 1610 3778 re·

324 3825 392 3863 norm
415 3825 464 3882 pro
487 3808 612 3863 remediis
632 3807 737 3880 ingerat
758 3806 889 3880 laeilutipm
910 3808 1042 3881 prulicum
1064 3807 1294 3882 trumpiillitntem.
1339 3806 1415 3862 Errat
1431 3825 1493 3863 meo
1509 3809 1609 3864 imlicio

322 3893 415 3948 civitas
438 3910 497 3966 qum
520 3892 552 3947 ml
575 3893 661 3948 lmnus
684 3892 858 3948 exercemlnm
880 3891 982 3948 lmlmos
1005 3894 1114 3967 recipit:
1135 3900 1226 3948 eruunt
1249 3892 1294 3964 qui
1310 3891 1427 3948 luilmmu
1443 3892 1609 3967 baptizatum

322 3976 430 4051 publice
458 3977 604 4033 ermlitioni
631 3976 788 4052 prmllciuut.
828 3977 944 4032 Coulluit
973 3995 1003 4033 en
1030 3996 1097 4050 gens
1125 3978 1157 4032 ml
1180 3977 1340 4038 bulborum:
1366 3978 1412 4032 ilat
1438 3978 1553 4034 consiliu
1582 3987 1644 4034 etm

323 4061 437 4117 babetur
458 4062 484 4117 in
508 4062 608 4136 precio.
653 4062 673 4116 (l
697 4070 832 4135 tempora,
862 4080 877 4116 u
907 4080 1004 4118 utores.
1050 4063 1131 4117 t'etus
1161 4070 1350 4117 testnmcntum
1378 4062 1466 4118 minus
1488 4063 1609 4137 suspecti

323 4155 466 4220 exponunt.
511 4147 600 4203 licent
627 4146 705 4201 nobis
730 4147 860 4202 mulorum
894 4148 948 4202 ritu
976 4148 1111 4203 tlluistum
1137 4146 1241 4207 colere.
1277 4163 1384 4202 semme
1413 4147 1608 4220 integritatem.

324 4231 376 4287 llnc
398 4232 430 4287 de
452 4249 479 4287 re
501 4231 641 4306 pluribus.
664 4232 685 4286 si
708 4232 823 4292 vocabit,
847 4239 932 4287 tectim
956 4242 1018 4304 ngct
1042 4233 1170 4287 llnrtiuus
1193 4231 1285 4287 lluuus
1307 4232 1437 4303 magister
1452 4232 1609 4288 Erlonlieu·

323 4379 492 4431 cccuvltl.
523 4379 568 4430 Em
585 4379 732 4429 Ilurscberi
751 4380 902 4445 spicilegio
922 4381 997 4429 Xlll.
1022 4379 1277 4445 „Autugrnplrorurn
1302 4380 1500 4430 illustrnutium
1525 4384 1608 4431 rntio·

322 4481 397 4528 nem,
423 4481 484 4531 quae
507 4465 665 4515 intercessit
683 4466 797 4515 Eunomo
817 4466 878 4514 llot.
905 4480 965 4513 cuin
991 4464 1061 4513 nulls
1087 4471 1114 4513 et
1136 4464 1292 4514 bominibus
1311 4471 1358 4514 etc.
1384 4466 1462 4530 Lips.
1480 4464 1553 4514 libl.
1571 4464 1607 4514 ⁴1⁰.

875 4566 900 4614 p.
915 4565 1046 4600 xn...xrv.

390 4684 410 4721 ¹⁸
427 4680 557 4754 puppem]
576 4688 674 4737 donum
694 4687 827 4736 memoria·
847 4686 1055 4747 contendentium,
1076 4685 1221 4735 xeniolum.
1274 4683 1294 4717 ²¹
1313 4684 1344 4735 τί
1354 4682 1388 4749 n]
1408 4685 1554 4747 Quiilliaec
1573 4685 1608 4736 td

320 4771 477 4824 Bacchum?
500 4773 545 4835 (de
565 4774 599 4822 iis
617 4775 662 4837 qul
687 4788 747 4837 qum
767 4787 860 4836 purum
880 4772 913 4820 nil
932 4787 988 4819 rem
1008 4772 1135 4836 nrlposltn
1153 4776 1216 4821 siniit
1235 4770 1381 4833 garriunt.)
1400 4770 1503 4821 Zenob.
1518 4771 1551 4821 V.
1564 4770 1606 4820 -lss,

320 4859 342 4892 ²⁹
360 4855 487 4925 phitone.)
506 4859 666 4908 obscenitatis
684 4865 818 4906 amotores.
883 4854 905 4887 ⁸¹³
922 4856 1033 4907 Martini.
1047 4856 1156 4917 llunus,
1181 4854 1375 4916 tlisteldeusie,
1394 4854 1533 4906 Erlordiae
1550 4861 1606 4906 stu·

320 4945 405 4996 debat
423 4961 448 4994 o.
465 4942 536 5001 mttss,
550 4944 683 5008 nragioter
700 4943 791 4992 lectus
811 4945 853 4990 est
872 4957 887 4989 a
907 4939 994 4999 1523..
1019 4940 1130 4990 Patavii
1150 4955 1175 4989 n.
1191 4939 1263 4989 liilll.
1284 4940 1352 4989 med.
1377 4939 1474 4989 doctor
1496 4947 1607 4992 erentes

320 5038 375 5094 est;
395 5030 503 5081 Eobani
521 5029 617 5090 tressi,
636 5016 802 5089 ¹Comerorii,
823 5026 1005 5092 blegoboccbi
1025 5024 1192 5090 aliorumque
1211 5025 1323 5074 amicus.
1401 5059 1406 5074 .
