3934 6034
428 710 626 759 actjfxxxllt.
647 723 765 757 suasura
780 723 882 757 scansus
895 724 1037 758 navansvs
1051 724 1223 758 asnunassas
1237 724 1367 759 assunt.
1467 694 1540 763 275

259 889 417 955 caucanam
439 898 484 939 mc
507 881 623 939 uidisset
642 888 695 938 ant
715 886 827 938 nosset:
863 880 918 938 boc
939 895 1060 938 carmen
1091 896 1154 938 meo
1180 882 1301 939 consilio
1325 882 1436 954 pressit
1456 881 1540 938 bien-

258 985 356 1048 nium·
389 992 417 1041 ct
444 986 559 1042 interim
588 1000 632 1042 me
660 983 697 1040 de
725 982 900 1040 Hoclrstrato
927 998 1016 1054 orrum
1044 984 1225 1040 furacissime
1255 984 1417 1055 loquentem
1447 982 1540 1054 facit:

258 1086 423 1143 arbitratur
452 1087 506 1144 lroc
532 1088 606 1143 artis
631 1101 701 1143 csse.
746 1083 807 1142 Sed
824 1086 998 1157 praestiterit
1005 1130 1012 1154 ,
1041 1065 1198 1157 antennam
1221 1084 1263 1141 ad
1283 1090 1392 1142 autera
1413 1087 1609 1143 criminas-tt.

256 1188 447 1260 proprediar,
466 1189 572 1262 paucis
591 1186 750 1244 admonere
770 1188 906 1244 tectorem
929 1185 1033 1258 artibus
1053 1188 1083 1243 in
1101 1185 1187 1243 rebus
1205 1191 1263 1243 totu
1278 1186 1364 1244 buius
1381 1187 1472 1246 libelli
1485 1190 1541 1245 sita

239 1291 299 1346 ssit
318 1291 492 1362 etoanentia.
529 1288 593 1348 Sita
611 1294 654 1346 est
675 1290 705 1346 in
727 1287 986 1363 assumptionibus,
1010 1287 1223 1360 (linctionibus,
1243 1289 1541 1361 sermocinationibus,

258 1399 287 1449 el
309 1392 605 1465 erapperutionibns:
637 1407 706 1448 nam
727 1391 859 1447 conuicia
878 1392 990 1465 passim
1012 1393 1143 1464 asperpit
1169 1388 1346 1448 condimenti
1365 1392 1436 1449 erice.
1481 1392 1609 1449 As-sm.

259 1496 449 1566 sumptionem
472 1496 603 1567 appello,
629 1509 695 1551 cnm
716 1494 759 1549 ait
779 1495 909 1565 exempli
933 1508 1026 1550 carisa
1049 1491 1203 1550 ‘Erasmus
1224 1494 1360 1566 impinpit
1381 1492 1544 1552 lleuclrlino

259 1598 369 1652 crimen
388 1592 554 1669 perfidias.
600 1597 629 1652 in
651 1596 697 1652 bis
718 1596 824 1652 mirum
850 1611 937 1668 qnam
965 1595 1040 1652 nibil
1065 1594 1173 1652 lrabeat
1196 1592 1315 1665 frontes.
1359 1595 1457 1654 Nilrilo
1475 1599 1544 1669 plus

260 1697 347 1754 babet
365 1699 396 1753 in
416 1697 600 1770 rrsdrtpendls
622 1699 728 1755 cattsis.
772 1697 856 1755 Dicet
875 1697 996 1769 aliquis,
1024 1695 1108 1764 ‘Orate
1134 1714 1182 1753 res
1207 1698 1358 1755 commouit
1376 1697 1543 1767 Erasmum,

226 1816 251 1854 io
262 1803 304 1857 ‘ut
320 1802 372 1872 rpd
392 1805 544 1873 tantopere
563 1800 743 1872 praedicarit
761 1798 970 1868 Rcucblinnm,
990 1797 1083 1855 subito
1097 1804 1224 1856 mutabis
1243 1804 1303 1857 tam
1314 1797 1431 1870 soedam
1446 1807 1543 1857 notam

260 1898 349 1958 ‘illius
371 1903 482 1959 truntini
501 1902 646 1959 studuerit
667 1895 808 1958 interere?
815 1896 821 1921 '
854 1898 912 1956 llic
932 1900 1054 1972 rtsfinpr't
1075 1900 1316 1959 inhumanitatem
1345 1906 1373 1959 et
1400 1903 1611 1961 irritatorum.

258 2000 354 2072 fuisse
372 2005 400 2060 ia
422 2018 529 2073 causa,
551 2003 630 2076 arrorl
647 2005 712 2077 pati
732 2002 910 2075 nequiverim
931 2003 1073 2074 qttosdam
1095 2002 1195 2061 dicere
1209 2001 1402 2061 llerrclrlianm
1417 2005 1542 2061 alterum

260 2120 323 2161 esse
346 2103 514 2162 (lerinania’
534 2108 658 2162 acilium.
706 2104 794 2177 litorii
820 2104 900 2177 orrod
926 2106 1064 2175 assumis,
1093 2110 1146 2162 aut
1169 2121 1226 2179 per
1253 2121 1283 2163 se
1309 2113 1444 2164 crrrrstare
1463 2107 1546 2165 debet

261 2213 314 2262 ant
332 2213 399 2264 erat
420 2208 533 2265 idoneis
552 2208 733 2279 arpnmeatis
753 2206 956 2280 probandum,
980 2207 1008 2263 si
1026 2208 1097 2264 uelis
1111 2206 1214 2265 bortrrm
1228 2214 1375 2279 prestare
1389 2207 1544 2267 rltetorern.

229 2307 370 2366 adelade
390 2325 483 2368 caasa
505 2309 587 2367 debet
601 2327 663 2367 esse
677 2311 758 2379 talis,
783 2315 814 2366 ut
828 2306 1025 2382 probabiliter
1043 2315 1186 2383 competat
1200 2311 1229 2367 ia
1247 2316 1386 2368 mutinam
1401 2326 1438 2368 ac
1451 2325 1546 2369 mares

262 2410 402 2468 bominis:
435 2410 610 2485 frequenter
632 2418 729 2469 antem
754 2426 799 2468 mc
823 2413 984 2483 loquentem
1009 2408 1089 2481 facit
1114 2426 1171 2469 non
1198 2414 1300 2484 qualia
1322 2413 1465 2483 dixerim,
1493 2413 1548 2471 sed

263 2515 365 2584 attalia
387 2515 417 2570 in
439 2529 473 2570 eo
494 2516 612 2586 aepocio
634 2513 696 2572 dict
709 2520 867 2586 poterant‚·
898 2512 986 2585 idque
1004 2511 1083 2583 fucit
1105 2529 1162 2571 non
1184 2530 1224 2571 ex
1244 2529 1326 2585 uero,
1356 2515 1411 2571 sed
1432 2531 1472 2572 ex
1493 2531 1545 2573 suo

262 2615 420 2673 commodo.
466 2616 506 2673 ld
522 2615 653 2687 sortasse
674 2618 742 2674 ticet
761 2622 938 2673 vetustarum
965 2630 1066 2671 rerum
1094 2615 1299 2689 scriptoribus,
1329 2617 1418 2674 relicti
1436 2618 1464 2674 si
1480 2618 1545 2690 orris
1556 2626 1614 2676 tas.

263 2717 375 2774 scribat
402 2718 490 2775 uitam
518 2718 686 2777 derarrdri
711 2717 835 2790 Mapru',·
871 2723 1009 2774 ceterum
1036 2718 1066 2773 in
1094 2733 1187 2775 causa
1213 2720 1336 2790 recenti,
1369 2720 1454 2777 cuins
1485 2725 1544 2777 tam

227 2820 348 2875 umulti
369 2825 453 2878 testes
473 2837 536 2878 esse
554 2822 680 2895 possint,
701 2836 759 2878 aon
783 2825 826 2877 est
846 2819 923 2876 idem
945 2819 1001 2876 ius.
1046 2834 1215 2932 perarduum
1235 2820 1305 2877 dum
1328 2821 1402 2878 milri
1417 2822 1550 2880 attribuit

262 2922 439 2991 orationem,
456 2937 567 2995 parum
590 2922 719 2979 meminit
738 2922 852 2990 decori,
874 2934 958 2993 artem
981 2921 1167 2994 splendidius
1189 2938 1226 2979 ac
1247 2924 1481 2994 mapnilicentius
1498 2926 1545 2981 lo-

263 3031 397 3095 quentem
420 3022 500 3094 facit
520 3039 608 3097 quam
635 3026 753 3082 soleam.
798 3023 923 3095 denique
950 3021 1025 3080 nibil
1053 3028 1096 3080 est
1122 3031 1181 3081 tam
1206 3022 1362 3095 frivolum,
1393 3026 1473 3098 quod
1499 3028 1532 3083 itt

264 3128 387 3197 tropicis
408 3126 501 3183 nerins
520 3142 577 3183 non
597 3130 772 3198 exsuperet,
797 3139 885 3197 orrum
906 3131 1039 3197 oporteat
1057 3127 1218 3184 orationem
1242 3133 1274 3184 ut
1295 3133 1397 3185 uestem
1419 3129 1546 3202 corpori,

264 3228 307 3284 sic
331 3227 418 3285 rebus
445 3244 507 3286 esse
530 3244 702 3300 conpruum.
747 3226 821 3284 Hrec
842 3226 1002 3285 admonitio
1028 3227 1161 3286 nonnilril
1185 3231 1260 3287 lucis
1282 3229 1375 3287 addet
1392 3232 1497 3289 lectori
1516 3233 1614 3293 inore.

228 3335 325 3386 nstota
346 3332 488 3389 oratione.
534 3330 577 3387 Ac
595 3332 724 3403 primam
747 3331 776 3386 in
801 3326 977 3400 assiduanda
999 3331 1115 3387 ratione
1132 3330 1197 3388 uide
1211 3331 1285 3402 auid
1296 3333 1392 3389 statim
1407 3341 1546 3403 assumat,

265 3436 320 3488 ‘me
338 3432 467 3489 lartdare
485 3448 564 3490 nrrrtc
582 3428 811 3489 Hocbstratnm'.
851 3430 992 3488 llstendat
1010 3447 1109 3504 quaeso
1129 3433 1224 3489 lacurn
1247 3432 1296 3489 ubi
1317 3433 1390 3491 mibi
1407 3435 1549 3493 tartdatus

264 3536 303 3591 sit
317 3533 525 3592 Hocbstratns:
554 3539 634 3592 certe
656 3536 709 3592 illa
724 3534 860 3608 epistola,
880 3547 968 3605 artum
983 3534 1179 3592 adulatricem
1195 3541 1290 3605 uocat,
1311 3540 1340 3592 et
1350 3538 1442 3608 plena
1455 3537 1547 3597 liber-

266 3638 334 3693 tatis
352 3643 408 3706 est,
431 3651 485 3693 aec
507 3638 618 3694 aculeis
639 3643 742 3693 uacat:
774 3650 843 3693 nam
863 3635 943 3707 quod
962 3637 1044 3693 illum
1070 3637 1181 3695 alicubi
1200 3653 1258 3695 aaa
1277 3637 1462 3709 familiarem
1478 3643 1547 3713 orti-

267 3739 346 3807 dem,
375 3739 429 3796 sed
454 3746 576 3797 ueterem
601 3740 727 3797 amicum
756 3739 886 3812 appello,
916 3738 981 3809 quis
1009 3752 1067 3795 aon
1093 3740 1230 3812 iatettipit
1255 3739 1370 3797 subesse
1396 3737 1547 3799 ironiam?

231 3840 352 3899 ullane
380 3842 649 3899 sermocinationem
681 3841 856 3898 audiamus:
893 3836 949 3896 ‘Tu
978 3836 1105 3897 solebas'
1134 3842 1229 3913 taqrrit
1260 3844 1321 3914 ‘atri
1349 3841 1405 3900 boc
1437 3843 1613 3908 laudasnn.

266 3944 369 4002 ‘scelus
390 3960 483 4014 rtrrnc,
505 3945 678 4001 exclamare
697 3943 777 4001 bunc
802 3958 865 4000 esse
884 3939 922 3997 ab
944 3941 1030 3998 iratis
1054 3943 1170 4016 superis
1198 3943 1356 4002 immissam
1384 3947 1472 4003 terris
1490 3962 1548 4019 pe-

267 4050 359 4118 stem,
382 4062 448 4119 aaa
469 4047 571 4103 literas
593 4061 630 4103 ac
652 4046 771 4116 inparia
792 4044 945 4114 confidat,-
971 4044 1051 4103 banc
1071 4060 1134 4103 esse
1154 4047 1353 4105 calamitosum
1375 4047 1548 4120 optimorum

266 4149 438 4207 ‘studiorum
461 4151 621 4206 uastitatem
636 4163 673 4205 ac
688 4147 871 4220 pernicium·
893 4144 947 4203 boc
968 4147 1076 4205 immite
1096 4149 1189 4205 omnis
1209 4148 1398 4206 numanitatis
1417 4151 1548 4218 exitium,

266 4251 354 4309 ‘brine
375 4253 456 4308 illam
478 4267 540 4309 esse
558 4249 659 4321 facem
681 4264 740 4321 arra
760 4248 837 4306 illud
857 4249 1019 4306 exarsisset
1038 4249 1094 4308 boc
1114 4256 1243 4324 tempore
1265 4249 1446 4319 incendium,
1471 4250 1550 4307 anda

231 4356 439 4427 ss‘pericnlum
461 4356 498 4412 sit
519 4369 555 4410 ne
576 4355 762 4425 constuprent
784 4365 882 4409 ornnes
903 4339 981 4408 recte
1003 4353 1127 4412 studiosi
1132 4349 1150 4409 '.
1195 4351 1266 4421 (bris
1290 4368 1346 4410 reon
1375 4354 1471 4410 statim
1497 4354 1617 4417 tri-sn.

267 4458 380 4527 tellipat
400 4454 478 4513 banc
496 4455 632 4529 plrrasim
646 4453 769 4512 llutteai
786 4469 861 4525 esse,
883 4470 940 4512 nan
960 4450 1100 4513 Erasmil
1121 4455 1171 4513 Aa
1183 4470 1228 4512 me
1246 4456 1387 4512 neminem
1402 4470 1459 4513 non
1474 4455 1547 4512 lror-

267 4565 373 4629 tatum,
396 4564 428 4615 ut
449 4561 607 4631 strinperct
626 4558 773 4615 calamum
795 4558 825 4614 in
848 4555 1072 4615 Hocbstratnm:
1091 4556 1236 4630 proserrd
1256 4572 1360 4627 urtam,
1383 4563 1411 4615 et
1432 4560 1549 4616 uicerit:

267 4677 336 4718 actm
361 4660 437 4719 illud
454 4677 581 4735 prorsus
603 4661 677 4716 artis
698 4660 853 4718 rlretoricoe
874 4659 992 4716 sabama
1009 4666 1114 4733 putat,
1143 4659 1223 4733 quad
1241 4658 1431 4718 humanitatis
1447 4661 1549 4733 pratia

267 4764 340 4820 milit
353 4761 496 4836 prolerre
517 4764 655 4836 epistolas
676 4762 851 4834 bomicidas,
872 4762 1006 4820 uidelicet
1024 4769 1055 4819 ut
1072 4763 1141 4836 plus
1161 4763 1309 4834 relinquat
1326 4762 1356 4819 in
1375 4764 1548 4837 suspicione.

335 4966 444 5016 ⁴huius
463 4964 523 5031 liu]
545 4968 561 5014 i.
582 4981 605 5013 c.
627 4964 876 5030 Expostulationis,
900 4966 977 5014 cuius
1002 4966 1030 5014 iu
1048 4979 1105 5029 sqq.
1125 4966 1208 5013 miser
1224 4965 1354 5014 l‘lrasnnus
1377 4981 1430 5015 non
1447 4968 1548 5016 serito-

268 5062 335 5114 tem,
356 5054 431 5103 illam
451 5058 545 5101 eontra
566 5067 595 5100 se
615 5065 667 5099 non
687 5049 837 5109 ferendam,
857 5050 905 5099 sed
924 5055 1010 5099 artem
1030 5049 1194 5113 redarguere
1213 5049 1315 5099 studet.

1271 5135 1332 5196 18*
