3934 6034
523 716 719 767 cccxxxul.
740 733 860 767 seonorn
872 733 975 768 ennom
988 732 1130 769 novemve
1143 732 1315 767 osrenmnss
1329 731 1460 768 nunnoni.
1558 700 1631 772 269

354 889 451 947 dicam
474 891 554 947 ittam
578 890 737 948 libertatem
760 890 961 948 condonatam
979 892 1074 961 celati,
1094 906 1132 948 ac
1146 890 1283 963 temporis
1293 905 1456 963 propressu
1471 898 1633 948 correctum

354 993 395 1048 iri
413 991 578 1064 speratam.
622 992 760 1050 Videbam
781 995 812 1052 iu
833 994 896 1051 eius
917 994 1035 1066 scriptis
1056 993 1199 1066 amplam,
1221 991 1408 1065 splendidam
1432 1007 1470 1049 ac
1488 1000 1633 1065 paratam

354 1093 506 1151 uerborum
527 1096 748 1168 supeltectilem,
770 1102 888 1157 natura
907 1096 994 1167 satis,
1017 1096 1175 1164 rationem,
1197 1091 1337 1160 iudicium
1355 1100 1384 1151 ei
1396 1094 1548 1152 consitium
1563 1110 1641 1168 spes

353 1195 458 1253 rabam
492 1202 591 1267 oelote,
623 1212 677 1253 usu
704 1196 856 1270 studioque
886 1212 1053 1255 accessura.
1102 1195 1169 1253 Iam
1190 1197 1218 1252 si
1234 1196 1299 1268 quis
1319 1195 1496 1266 consideret,
1520 1213 1577 1269 quo
1601 1199 1700 1260 insu.

323 1305 432 1355 sstaiu
458 1315 506 1356 res
528 1313 601 1356 meae
626 1304 685 1355 tum
704 1296 821 1369 suerint
842 1307 929 1371 atque
953 1300 1141 1356 etiamnunc
1167 1298 1239 1369 sint,
1264 1313 1321 1370 quo
1345 1299 1409 1356 loco
1433 1315 1482 1356 res
1505 1297 1633 1369 llutteni‚

353 1401 491 1457 nimirum
515 1400 705 1473 prudentiam
732 1400 874 1458 iudicabit
896 1400 1058 1474 deprecari
1076 1400 1264 1472 colloquium,
1287 1400 1367 1473 quod
1387 1401 1475 1460 alteri
1494 1403 1532 1459 sit
1552 1405 1633 1460 ocia-

353 1518 431 1572 sum,
461 1504 550 1560 alteri
575 1516 745 1569 onerosum·
777 1509 805 1560 et
832 1502 1009 1561 inhumanus
1036 1500 1179 1560 uidebitur
1206 1518 1263 1560 non
1287 1504 1339 1575 qui
1365 1503 1551 1576 depreeatur,
1582 1504 1635 1563 sed

353 1606 406 1677 qui
430 1604 604 1677 deprecanti
622 1606 770 1663 irascitur.
824 1605 929 1663 l'erum
951 1610 1038 1676 urpet
1061 1620 1107 1662 me
1127 1602 1271 1662 Hultenus
1292 1618 1355 1662 meo
1381 1607 1554 1676 testimonio,
1582 1608 1700 1680 quiem

353 1706 514 1764 eerndorem
537 1708 630 1781 r'psius
652 1707 860 1781 praedicarim,
885 1706 964 1779 qrcod
982 1708 1125 1764 neminem
1146 1708 1247 1765 solitus
1267 1708 1305 1764 sil
1324 1706 1491 1779 depraome
1511 1709 1634 1766 inuidia.

320 1825 343 1863 n
356 1808 463 1865 Fateor
488 1825 506 1865 a
532 1824 577 1867 me
600 1810 801 1883 predicatum
826 1809 1035 1880 inpenuilatem
1060 1808 1194 1880 Hutleui,
1224 1810 1364 1882 quicum
1396 1811 1500 1867 coeteri
1525 1811 1635 1869 libellos

353 1913 516 1969 emitterent
535 1917 588 1968 aut
606 1913 696 1969 nullis
717 1918 770 1969 oui
786 1912 863 1982 lictis
884 1911 989 1982 titulis,
1016 1913 1079 1985 ipse
1099 1927 1153 1970 suo
1173 1912 1254 1969 titulo
1274 1910 1376 1969 addito
1391 1920 1508 1985 prtetcr
1528 1929 1559 1971 se
1578 1930 1634 1970 ne-

354 2014 459 2069 minem
478 2022 622 2084 prnoaret
638 2015 811 2087 suspicione.
847 2012 925 2082 (laid
942 2013 1017 2071 istuc
1038 2014 1081 2072 od
1097 2012 1177 2072 lianc
1196 2008 1341 2072 causum?
1368 2012 1403 2071 Si
1417 2014 1542 2072 lrrirdaai
1554 2025 1700 2075 can-§.m

355 2114 454 2171 dorem
479 2117 508 2171 in
533 2114 673 2185 llutteno,
701 2131 738 2172 ea
760 2131 808 2173 res
834 2116 916 2173 illum
943 2130 1061 2174 mouere
1088 2115 1223 2186 debedat,
1249 2132 1287 2172 nc
1308 2115 1357 2173 tric
1377 2125 1451 2174 esset
1476 2119 1524 2175 sui
1544 2117 1634 2176 dissi-

354 2218 447 2273 milis:
478 2218 506 2273 si
525 2219 591 2290 quis
612 2217 715 2275 tundet
742 2219 839 2275 uinum
858 2216 997 2291 pradum,
1026 2234 1066 2275 an
1096 2220 1120 2276 is
1139 2224 1206 2292 post
1224 2216 1412 2275 accusabitur
1432 2221 1582 2290 vanitatis,
1609 2222 1637 2279 si

323 2320 504 2392 ncontinpat
525 2321 621 2377 riuum
643 2314 800 2377 acescere?
834 2317 949 2377 Utinam
968 2320 1017 2378 liic
1037 2327 1150 2378 tontum
1168 2335 1214 2377 mc
1234 2335 1341 2377 uanum
1363 2320 1542 2381 reddidisset
1556 2322 1635 2380 Hut-

355 2428 444 2478 tenus.
494 2420 590 2493 Ultro,
620 2424 726 2495 inquit,
754 2422 957 2480 abstinuissem
985 2422 1023 2480 alr
1043 2438 1080 2481 ea
1105 2425 1264 2496 uoluptate,
1294 2438 1382 2495 quum
1402 2439 1553 2497 uunquam
1575 2432 1702 2500 nonnos.

355 2525 441 2597 capio
467 2540 507 2581 ec
534 2539 693 2596 conpressu
715 2532 777 2596 tua,
800 2525 827 2582 si
844 2524 979 2583 uidissem
1006 2525 1076 2582 inde
1103 2532 1130 2583 tc
1150 2524 1339 2597 praaandum
1360 2524 1483 2584 inuidia.
1527 2526 1591 2586 lloc
1609 2529 1637 2586 si

355 2634 456 2699 sponte
476 2641 531 2683 sua
551 2624 692 2696 facturus
712 2633 792 2696 mat,
814 2642 903 2699 quum
923 2633 1034 2687 constet
1052 2633 1181 2685 nostrum
1203 2607 1376 2703 colloquium
1397 2628 1509 2686 inuidia
1529 2645 1635 2688 carere

355 2743 412 2786 non
438 2729 579 2801 potuisse,
604 2745 659 2786 cnr
680 2728 855 2802 indipnatur
875 2728 960 2801 milri,
989 2730 1042 2802 qui
1065 2729 1120 2788 leae
1146 2738 1206 2787 tam
1231 2731 1355 2789 ciu'titer
1380 2731 1582 2789 admonuerim
1604 2739 1636 2790 ut

320 2828 472 2901 insereret
498 2830 577 2903 quod
602 2831 652 2888 itle
677 2832 721 2889 uel
746 2846 805 2889 riou
832 2833 956 2889 monitus
982 2839 1049 2890 crat
1070 2827 1233 2902 facturus?
1268 2831 1345 2901 (litos
1371 2834 1502 2893 inimicos
1527 2834 1701 2901 habeatem.

355 2930 513 3003 lluttenus,
541 2948 599 2990 uon
620 2934 758 3005 exquiro,
787 2948 841 2991 nec
862 2932 936 2991 milii
957 2934 1085 3007 perinde
1105 2932 1143 2990 ab
1169 2934 1227 2991 iltis
1247 2934 1388 2993 inuidiam
1413 2943 1524 3005 memo,-
1559 2932 1636 2995 *sed

355 3033 404 3091 liic
419 3050 594 3107 conpressus
607 3042 843 3108 permanaturus
863 3042 929 3094 erat
941 3034 1065 3093 Romam
1088 3036 1131 3094 ad
1143 3038 1327 3109 pontificem,
1349 3038 1380 3094 iu
1395 3032 1573 3112 Hispaniam
1593 3039 1637 3097 ad

357 3135 518 3207 Casuram,
547 3138 576 3193 in
600 3135 811 3208 Bratantiam,
842 3137 892 3196 noi
914 3145 1047 3196 strenuos
1072 3137 1165 3196 ltabco
1192 3139 1403 3212 sucophantas,
1436 3143 1465 3198 in
1488 3142 1634 3214 Anptiam,

355 3238 406 3296 utri
425 3236 482 3296 noir
503 3238 642 3310 deficiunt
663 3241 715 3312 piei
733 3255 778 3297 me
799 3242 937 3298 uolentem
956 3242 1098 3299 nolentem
1117 3238 1239 3311 sociant
1255 3240 1475 3300 lutheranum:
1507 3245 1535 3301 si
1549 3260 1634 3318 pau-

322 3342 448 3397 ulutum
470 3346 513 3397 est
537 3344 611 3411 aeri,
644 3343 735 3398 multa
756 3345 849 3401 soleat
876 3341 1001 3414 astirrpi:
1032 3341 1200 3400 huiuamodi
1222 3359 1373 3402 rumorum
1401 3344 1542 3403 inuidiam
1570 3352 1634 3404 me-

355 3442 478 3501 tuebam.
521 3441 562 3500 ld
578 3445 649 3501 satis
665 3445 836 3517 perspicere
850 3446 947 3517 potuit
968 3443 1114 3503 liuttenus
1135 3461 1174 3503 ea
1196 3447 1267 3503 meis
1287 3446 1329 3504 ad
1345 3446 1509 3506 laurinum
1531 3450 1632 3506 literis.
1643 3464 1701 3514 §.sn

359 3543 436 3614 (laid
454 3546 531 3618 opis,
554 3547 660 3618 inarsit,
687 3561 788 3618 speres
810 3546 847 3603 ab
868 3562 902 3604 co
922 3548 1016 3605 arnico
1038 3549 1067 3605 in
1089 3547 1175 3606 relus
1196 3547 1332 3620 afflictis,
1362 3551 1414 3622 qui
1431 3549 1518 3608 retus
1536 3550 1636 3608 adliuc

356 3648 478 3718 intepris
503 3662 678 3719 conpressus
704 3648 845 3706 inuidiam
869 3644 1029 3707 detrectet?
1060 3649 1124 3708 lma
1147 3652 1192 3708 itti
1214 3655 1283 3707 sunt
1303 3652 1394 3709 amici
1411 3653 1567 3710 certissimi
1585 3654 1638 3725 qui

356 3765 387 3806 sc
411 3764 532 3807 scraore
561 3759 668 3807 norunt
699 3751 827 3822 intepros
857 3752 1019 3820 occasioni,
1052 3751 1094 3809 toi
1119 3753 1249 3810 timentes
1273 3755 1453 3826 periurium,
1487 3754 1537 3811 reli
1561 3754 1637 3813 nilsil

321 3867 347 3905 no
356 3851 565 3910 commoditatis
594 3853 632 3910 sit
657 3854 760 3910 arnico.
804 3851 868 3910 Non
894 3854 971 3910 enim
993 3869 1072 3911 nunc
1093 3854 1218 3923 dissero,
1248 3871 1336 3927 quarn
1362 3858 1408 3914 itli
1431 3872 1480 3914 res
1505 3858 1563 3914 sint
1583 3858 1702 3922 in-§.ss

355 3960 462 4025 repra:
497 3960 575 4012 certe
596 3955 722 4027 optarim
745 3956 790 4012 itti
809 3949 1011 4026 secundiores,
1033 3952 1118 4014 modo
1140 3957 1203 4030 ipse
1223 3956 1280 4015 sitri
1297 3963 1395 4016 sumat
1413 3960 1543 4016 animum
1561 3957 1634 4030 sor-

356 4063 427 4112 tuno
452 4058 571 4114 meliore
593 4056 723 4127 dipaum.
773 4055 892 4128 Omnes,
920 4059 1028 4130 inquit,
1054 4060 1250 4130 pratulantur
1271 4057 1412 4131 Huttcna,
1444 4062 1636 4133 manistratus

355 4158 433 4214 retius
454 4175 544 4232 super
565 4160 656 4216 ellium
679 4165 847 4217 rcocrcnter
867 4160 992 4229 adeunt,
1015 4161 1101 4218 mulii
1120 4162 1247 4219 omniurn
1271 4160 1407 4219 ordinum
1428 4165 1514 4235 quasi
1532 4170 1636 4221 certa-

356 4261 405 4316 tim
433 4261 577 4318 irrucutes
604 4261 744 4332 invisunt,
772 4263 850 4319 solus
872 4260 1015 4320 Erasmus
1042 4264 1176 4321 clausum
1197 4279 1228 4321 sc
1249 4263 1329 4321 dorni
1354 4269 1438 4322 tenet.
1485 4264 1554 4335 Quis
1574 4281 1701 4331 uu-sns.

319 4374 444 4434 osquam
474 4362 546 4419 υἰιίἱι
571 4361 729 4420 Erasmurn
758 4362 870 4421 drumm
901 4369 1032 4438 tempore
1063 4365 1215 4423 salutandi
1240 4366 1343 4437 pratia
1372 4349 1498 4440 prodire
1529 4363 1635 4426 domo?

356 4463 469 4521 lteiude
496 4480 554 4521 nort
586 4471 629 4521 est
659 4478 754 4522 mcum
785 4467 901 4523 cteuarc
930 4465 1140 4525 litntanitatem
1173 4469 1396 4540 mapistratuum
1426 4468 1513 4526 leuius
1544 4469 1634 4536 cerlis,

354 4581 443 4639 quom
470 4572 499 4623 ct
525 4582 578 4637 epo
602 4581 659 4623 non
688 4568 778 4625 semel
796 4574 937 4642 expertus
958 4584 1039 4626 sum:
1070 4562 1160 4626 *erat
1176 4585 1294 4641 mopnoe
1315 4569 1506 4630 numanitatis
1523 4569 1633 4643 faleor,

354 4667 433 4740 quod
445 4666 602 4725 lluttenum
624 4668 820 4741 admiserunt,
842 4669 897 4728 sed
916 4672 1037 4729 maioris
1058 4670 1138 4743 quod
1157 4671 1337 4732 dimiserunt.
1371 4672 1488 4731 Addam
1510 4679 1539 4731 et
1560 4674 1637 4732 illud

353 4769 466 4841 luridis,
501 4771 624 4827 ‘mutuat
650 4769 705 4829 Ιιοε
733 4788 817 4829 suum
844 4771 976 4843 officium
1001 4775 1085 4831 sileri
1110 4789 1197 4847 quam
1219 4772 1359 4833 iactari':
1383 4792 1420 4835 ea
1447 4781 1492 4835 est
1517 4777 1633 4834 illarum

319 4871 503 4929 inmodestia.
544 4871 683 4932 *Utinam
705 4880 803 4931 autem
822 4873 967 4933 llultenus
986 4878 1028 4934 sic
1050 4892 1112 4935 sese
1127 4883 1256 4949 peroret,
1280 4884 1312 4935 ut
1333 4877 1472 4937 bonorum
1493 4878 1702 4946 trimani-§.ss

468 5001 554 5008 *-

423 5057 759 5125 Μ1-Εκροεή.,ξξ.17.ϋῄ
807 5058 947 5121 ¹⁶1bid.§.
962 5059 1002 5111 18.
1054 5059 1402 5129 ”Ci.Expost.§.‘20.sq.
1437 5061 1632 5127 ‘'Ibid.§.‘l⁴l.
