3934 6034
384 688 540 745 ccctvn.
559 705 695 744 curenno.
709 705 915 744 necessarios.
929 703 1032 742 entatu
1046 704 1089 741 ra.
1103 703 1139 741 11
1152 703 1291 741 sorznnu.
1305 705 1330 739 n.
1344 696 1378 740 tu.
1393 701 1450 739 111.
1465 696 1524 739 isat.
1557 671 1628 745 397

348 867 467 931 diosius,
487 885 538 925 nec
558 869 680 942 attingo.
700 866 773 942 quod
793 876 929 940 utmnque
950 866 1132 924 condonatam
1152 864 1275 922 amicitiae
1295 873 1411 921 nostrae:
1437 873 1464 921 et
1486 863 1531 920 ille
1553 872 1631 938 puta·

349 952 394 1008 bat
416 971 535 1027 aequum.
558 962 588 1010 ut
610 954 645 1010 ob
667 961 821 1010 excusatum
841 951 1007 1026 colloquium
1030 951 1068 1007 sie
1085 950 1295 1008 debaccharetur
1317 951 1343 1006 in
1358 950 1485 1012 amicum.
1508 950 1588 1023 idque
1604 950 1631 1004 in

349 1038 463 1111 gratiam
484 1039 564 1095 unius
586 1047 633 1095 aut
655 1039 780 1099 alterius.
810 1037 969 1112 quibuscum
992 1045 1161 1094 contraxerat
1188 1054 1282 1093 novam
1310 1035 1465 1097 amicitiam.
1497 1035 1548 1110 ipsi
1576 1051 1631 1090 nou

349 1140 447 1197 magno
469 1125 586 1180 futuram
610 1125 680 1180 usui.
722 1124 748 1179 Si
767 1123 832 1180 ladsa
851 1123 962 1179 erimina
982 1122 1058 1179 falsis
1080 1120 1259 1183 retaliassem.
1282 1139 1333 1195 par
1355 1121 1413 1193 pari
1434 1121 1548 1177 relatum
1564 1128 1630 1181 erat.

323 1208 402 1267 anisi
427 1209 499 1282 quod
519 1208 688 1283 plausibilior
709 1218 751 1264 cst
773 1211 831 1264 eius
861 1226 954 1269 eausa,
983 1208 1029 1281 qui
1060 1206 1200 1262 lacessitus
1227 1207 1318 1279 prodit
1348 1205 1375 1259 iu
1400 1222 1532 1279 pugnam:
1561 1222 1632 1262 nune

350 1293 463 1349 acerbus
485 1294 579 1351 uideor
600 1295 659 1368 qm.
682 1295 721 1349 sie
743 1294 882 1349 lacessitus
905 1301 945 1347 tot
968 1291 1167 1366 sycophantiis.
1198 1309 1230 1346 ue
1257 1291 1325 1345 veris
1348 1291 1455 1363 (pridem
1477 1309 1507 1348 ae
1529 1290 1632 1365 populo

350 1379 423 1434 notis
449 1379 604 1435 criminibus
630 1379 728 1435 1111111111·
755 1378 787 1434 ad
812 1380 862 1434 mci
890 1378 1084 1433 ‹teleusioncm
1130 1376 1182 1431 lam
1211 1376 1237 1431 in
1265 1376 1389 1431 invidiam
1413 1376 1463 1432 mei
1489 1375 1633 1450 vulgarunt

349 1463 455 1519 llartini
471 1464 581 1519 Lutheri
600 1464 742 1538 epistolum
765 1464 886 1538 priuatim
910 1463 941 1517 nd
963 1463 1077 1517 amicum
1096 1461 1222 1534 scriptam
1242 1461 1275 1516 dc
1294 1460 1430 1535 Spongia:
1452 1469 1582 1534 quantum
1597 1463 1634 1516 sit

350 1548 412 1603 lauic
432 1548 543 1604 lutheri
567 1549 664 1605 iudicio
684 1549 869 1609 tribuendum,
891 1547 917 1603 in
940 1547 1083 1622 praesentia
1106 1564 1159 1602 non
1182 1547 1307 1619 disputo;
1336 1564 1377 1602 me
1397 1555 1471 1603 certe
1490 1545 1557 1602 nihil
1576 1564 1633 1601 uro·

318 1641 409 1694 tonet:
431 1632 497 1689 illud
519 1636 644 1708 requiro,
673 1652 743 1707 quur
767 1635 812 1707 qui
835 1634 903 1688 lianc
924 1631 1067 1707 epistolam
1091 1632 1246 1691 ediderunt,
1279 1648 1333 1687 non
1361 1632 1452 1687 cartem
1474 1649 1555 1705 opera
1576 1628 1632 1685 vul·

350 1727 450 1789 parunt
469 1719 599 1792 epistolas
621 1718 736 1792 Philippi
760 1718 987 1779 llelnnehthonis‚
1016 1717 1113 1790 quibus
1140 1717 1211 1771 hinne
1233 1716 1340 1771 llutteni
1368 1725 1495 1773 conatum
1517 1717 1633 1772 detesta-

353 1814 397 1858 tur
419 1812 448 1858 ut
470 1805 626 1877 pestiferum
650 1803 803 1876 evurrgelico
828 1803 956 1875 negocio,
977 1810 1005 1857 ct
1027 1819 1081 1857 nou
1103 1800 1185 1857 semel
1205 1801 1334 1857 insaniam
1350 1810 1434 1857 vocat.
1477 1802 1545 1857 Sunt
1561 1801 1633 1874 apud

350 1906 392 1944 me
416 1896 471 1943 tres
491 1888 564 1943 illius
585 1888 708 1963 epistolae
731 1888 763 1944 ad
786 1889 906 1943 diversos
928 1887 1028 1942 anticos
1050 1887 1171 1960 scriptae,
1201 1886 1227 1941 11
1256 1886 1355 1960 quibus
1383 1896 1523 1943 execratur
1545 1886 1633 1942 rabio-

351 1992 397 2029 sos
418 1972 525 2030 libellos
548 1992 617 2047 epiros
639 1974 717 2028 nobis
740 1974 853 2029 subinde
874 1973 957 2028 mittit
978 1990 1075 2028 novum
1100 1972 1151 2026 hoc
1170 1971 1352 2043 evangelium:
1381 1989 1532 2046 quanquam
1555 1970 1632 2045 plura

320 2073 342 2112 11
353 2059 462 2133 scripsit
477 2057 546 2113 aliis.
585 2057 620 2114 Ea
635 2068 760 2131 prerriunt
776 2058 899 2114 homines
914 2056 1012 2119 callidi,
1026 2050 1135 2113 iuterim
1152 2057 1262 2112 furiosis
1276 2064 1304 2111 et
1319 2058 1459 2131 anonymis
1474 2066 1520 2113 aut
1535 2057 1633 2132 pseud·

352 2143 508 2217 epigraphis
536 2142 634 2199 libellis
660 2144 872 2204 debacchantur.
899 2151 925 2198 et
953 2151 1016 2216 post
1041 2142 1097 2198 haee
1126 2142 1224 2198 iactant
1249 2159 1278 2196 se
1307 2160 1358 2215 pro
1384 2142 1523 2215 evangelio
1544 2142 1634 2197 decies

352 2228 421 2284 mori
441 2236 559 2303 paratos.
603 2230 678 2295 tluur
706 2229 791 2302 igitur
817 2245 871 2284 non
893 2228 992 2284 docent
1015 2228 1123 2283 Roman?
1152 2244 1247 2299 magna
1269 2235 1312 2282 est
1333 2229 1398 2283 sivae
1421 2228 1493 2284 vocis
1514 2227 1633 2300 energia.

352 2330 423 2386 quur
443 2331 496 2369 non
517 2314 714 2369 debacchantur
735 2314 761 2368 in
783 2316 912 2369 Caesarem
936 2330 1013 2386 mque
1035 2322 1117 2385 atquc
1141 2310 1313 2385 pontificem?
1339 2313 1401 2386 quia
1429 2312 1516 2368 minus
1547 2320 1634 2368 tutum

352 2406 402 2453 est.
448 2398 495 2454 Ubi
520 2398 604 2471 igitur
621 2408 712 2454 vetatur
734 2399 873 2472 martyrii?
901 2400 977 2453 tlcrte
1004 2398 1102 2453 docere
1121 2397 1283 2458 imbuerant,
1312 2397 1335 2452 si
1358 2397 1455 2453 nolunt
1476 2413 1633 2471 provocare.

318 2482 410 2538 aolion
426 2501 467 2538 nie
484 2484 554 2556 tugtt
572 2485 622 2540 hoc
645 2484 726 2538 luisse
748 2483 890 2539 eonsilium
907 2483 1090 2557 quorundam,
1111 2482 1156 2556 qui
1179 2500 1208 2537 se
1232 2481 1300 2538 salso
1320 2484 1418 2538 iactant
1440 2482 1570 2556 evangelii
1585 2499 1635 2538 no·

352 2569 438 2629 mine,
469 2578 498 2624 ut
519 2586 561 2624 me
584 2567 682 2624 libellis
705 2569 819 2624 rabiosis
837 2568 1000 2629 obruerent.
1028 2585 1061 2624 nc
1084 2568 1147 2641 quid
1167 2565 1278 2623 molirer
1299 2567 1325 2622 in
1347 2568 1507 2624 lutherum:
1533 2567 1635 2641 tingant

352 2652 498 2726 lapidatum
521 2653 677 2715 Erasmum,
706 2671 739 2709 an
768 2653 829 2709 ilieo
859 2670 901 2709 res
923 2652 976 2708 illis
1004 2654 1071 2709 bene
1094 2653 1130 2708 sit
1151 2651 1295 2707 habitura?
1326 2670 1375 2709 nce
1396 2654 1583 2727 perpendunt,
1610 2651 1633 2706 si

352 2739 416 2794 mihi
435 2747 507 2794 talita
526 2747 598 2795 esset
621 2739 765 2795 ulciscendi
785 2737 883 2800 libido,
906 2748 1006 2812 quanta
1029 2738 1082 2793 illis
1100 2737 1228 2799 lmdendi.
1257 2745 1425 2811 quantopere
1449 2745 1477 2794 et
1498 2738 1634 2812 potuerim

353 2831 379 2877 et
400 2824 503 2897 possim
526 2824 640 2879 istorum
662 2842 768 2880 eausam
795 2824 924 2896 aldigerc.
965 2823 1031 2892 Quis
1058 2840 1112 2878 non
1137 2830 1266 2895 agnoscat
1289 2822 1331 2879 hic
1353 2823 1480 2896 spiritum
1500 2822 1634 2896 evangeli·

320 2920 429 2970 11111111,
458 2926 512 2982 quo
532 2908 605 2965 mille
627 2908 677 2964 iam
699 2909 776 2965 anuis
798 2909 886 2965 caruit
913 2910 1047 2964 iiiuudus'l
1072 2908 1150 2969 Esto,
1179 2908 1214 2963 sit
1234 2906 1415 2981 euangelicum
1437 2907 1522 2963 libere
1540 2908 1635 2964 dehac·

352 2994 425 3049 chari
447 2995 571 3050 etirtvitiis
594 2995 619 3048 in
640 2994 750 3056 noxios,
781 3011 870 3049 verum
899 2994 1048 3049 trianilestis
1075 2993 1219 3048 utendaciis
1239 2993 1369 3065 impetere
1390 3002 1472 3067 capent
1493 2994 1634 3049 immeren·

355 3080 432 3140 tium.
457 3096 490 3134 au
512 3089 540 3134 et
559 3079 629 3134 istuc
652 3080 801 3153 exeiuplurn
826 3079 1009 3151 evangelicum
1035 3081 1095 3133 est?
1123 3078 1218 3134 Vinum
1242 3077 1358 3133 infundit
1378 3077 1534 3134 vulneribus
1552 3077 1634 3134 medi·

352 3181 399 3218 cus
421 3163 608 3237 evarigelicus.
632 3165 679 3219 sed
702 3165 770 3220 idem
788 3164 860 3219 addit
878 3163 981 3227 oleum;
1004 3172 1032 3219 et
1047 3165 1135 3219 111111
1152 3164 1281 3224 iufundit.
1302 3180 1356 3219 non
1371 3172 1491 3220 acetum:
1515 3164 1559 3219 isti
1575 3163 1635 3238 qui·

351 3249 411 3304 11111
431 3265 561 3304 1111111111
583 3249 728 3305 infundunt
750 3267 800 3324 pro
821 3250 897 3310 vinti:
920 3250 1054 3305 neminem
1075 3249 1201 3305 occidunt
1221 3248 1322 3321 gladio.
1345 3249 1392 3304 sed
1414 3248 1570 3305 sceleratius
1585 3248 1635 3303 lin·

318 3332 417 3406 segaris
440 3341 467 3388 et
487 3333 604 3396 calanum
628 3343 656 3390 et
680 3344 767 3390 tanien
787 3352 841 3390 11111
861 3334 958 3390 babent
982 3334 1054 3407 quod
1077 3333 1206 3389 obiiciant
1226 3334 1306 3394 mihi,
1326 3333 1378 3389 nisi
1395 3334 1466 3408 quod
1482 3334 1565 3390 nolim
1582 3334 1633 3389 urei

353 3418 449 3492 eapitis
472 3419 593 3492 periculo
616 3419 739 3494 profiteri
764 3438 824 3494 qun¹
853 3419 894 3473 vel
922 3436 975 3475 non
998 3436 1129 3492 assequor
1149 3417 1189 3472 uel
1212 3436 1263 3492 pro
1282 3418 1371 3474 dubiis
1393 3419 1493 3481 habco,
1517 3418 1557 3474 vel
1580 3435 1634 3475 non

353 3503 440 3576 probo
465 3504 505 3558 vel
530 3504 606 3560 nullo
634 3506 723 3560 trirctu
749 3505 923 3578 professurus
952 3505 1011 3560 sim.
1056 3503 1156 3577 alioqui
1185 3503 1246 3576 quis
1274 3503 1351 3576 plura
1377 3504 1486 3578 scripsit
1508 3504 1635 3559 adversus

354 3588 474 3645 thiedan
501 3590 729 3649 ceremoniarum.
759 3590 886 3645 aelrersus
915 3589 1135 3663 superstitionem
1166 3588 1304 3649 ciborum.
1332 3589 1422 3645 cultus
1448 3597 1475 3645 et
1501 3598 1634 3650 votorum,

353 3674 480 3729 adum-sus
495 3692 542 3729 eos
559 3674 603 3747 qui
620 3674 680 3748 plus
701 3674 822 3729 tribuunt
837 3673 975 3730 hominurn
990 3674 1148 3730 commentis
1163 3690 1242 3747 optram
1258 3673 1344 3730 literis
1358 3675 1469 3735 «livinis.
1486 3675 1532 3748 qui
1547 3673 1635 3747 pluris

320 3759 456 3814 talasiunt
476 3759 603 3815 humanas
625 3760 849 3820 constitutiones,
880 3777 958 3832 apinam
983 3768 1116 3834 praecepta
1135 3759 1191 3819 dei.
1215 3760 1261 3832 qui
1283 3760 1344 3832 plus
1365 3760 1482 3833 praesidii
1500 3758 1636 3816 collocant

355 3844 380 3898 in
401 3844 468 3899 divis
488 3862 567 3917 quam
588 3846 613 3899 in
638 3845 697 3918 ipso
715 3844 837 3905 Christo.
864 3845 991 3901 adsersus
1018 3844 1182 3917 theologiam
1200 3844 1369 3900 scolasticam
1391 3844 1587 3919 philosophicis
1608 3853 1636 3900 et

353 3929 509 4002 sophisticis
526 3930 641 4001 argentiis
665 3938 834 4004 corruptam,
855 3930 983 3985 adversus
1007 3929 1183 3984 temeritatem
1207 3929 1311 4001 quidvis
1331 3929 1487 3991 deliniendi,
1508 3930 1636 3985 adversus

353 4023 519 4087 praepostera
538 4014 610 4086 vtrlgi
635 4014 747 4070 iudicia?
770 4012 852 4081 Quam
872 4033 935 4070 vero
954 4032 1008 4070 mm
1033 4013 1154 4069 blandiar
1176 4014 1286 4070 stuumis
1305 4015 1384 4070 etiam
1400 4014 1581 4089 principibus,
1604 4014 1636 4069 li·

354 4098 394 4153 bri
419 4099 469 4154 mei
490 4099 556 4154 satis
578 4099 723 4156 declarant.
768 4099 827 4155 llme
848 4100 952 4174 aliaque
975 4098 1124 4173 permulta.
1150 4116 1211 4173 quus
1238 4115 1289 4173 pro
1317 4099 1426 4155 mothdo
1453 4101 1548 4172 gratiae
1570 4100 1635 4155 mihi

320 4182 830 4245 1111111111,111111111111111,
852 4202 905 4240 non
927 4185 1088 4258 obstrepens
1103 4184 1227 4258 etdquam
1249 4185 1294 4258 qui
1314 4184 1424 4241 doceret
1446 4184 1565 4242 meliora.
1603 4183 1635 4239 tt

354 4267 479 4324 Erasmus
502 4269 566 4324 nibil
590 4270 681 4325 docuit
704 4270 755 4325 uisi
779 4269 970 4343 eloquentiam.
1015 4269 1119 4325 Utinmu
1148 4269 1220 4324 istud
1248 4270 1426 4343 persuadeant
1454 4270 1546 4327 amicis
1568 4270 1635 4326 meis

353 4341 572 4428 ματαιολόγοις,
604 4356 648 4428 qui
669 4363 827 4410 constanter
850 4356 948 4410 iactant
971 4355 1098 4429 quicquid
1120 4354 1212 4410 docuit
1232 4354 1367 4410 lantherus
1388 4355 1511 4411 ltausisse
1532 4373 1547 4411 e
1570 4354 1636 4411 scri·

354 4439 408 4511 ptis
430 4439 504 4494 ineis.
547 4442 651 4495 tametsi
675 4458 728 4496 non
749 4439 854 4495 invideo
876 4439 981 4496 laudem
997 4441 1074 4495 istam
1090 4440 1224 4501 luthero,
1246 4439 1342 4496 babeat
1360 4440 1387 4494 in
1408 4440 1532 4501 solidum,
1553 4440 1634 4495 modo

354 4522 521 4595 glorificetur
542 4524 722 4598 evangelium:
751 4542 852 4580 summa
883 4526 1025 4582 criminum
1049 4541 1169 4581 meorum
1201 4533 1255 4585 cst,
1286 4525 1439 4598 quodsum
1461 4525 1635 4586 moderatior,

319 4616 382 4669 caet
406 4609 457 4664 hoc
473 4609 580 4665 noriiiuc
601 4609 670 4666 male
692 4610 771 4666 audio
794 4610 936 4683 utrinque,
966 4610 1037 4684 quod
1058 4618 1191 4683 utraeque
1210 4618 1313 4683 partem
1337 4610 1432 4666 horter
1449 4610 1480 4665 ad
1504 4608 1636 4684 tranquil·

353 4690 421 4748 liora
443 4694 570 4750 consilia:
599 4694 750 4751 libertatem
780 4712 833 4750 non
863 4696 987 4769 improbo
1008 4695 1139 4750 charitate
1160 4694 1312 4756 conditam:
1340 4713 1372 4751 cr
1400 4694 1505 4751 rabiosa
1526 4695 1635 4751 maledi·

352 4778 440 4833 centia
463 4780 526 4852 quid
554 4780 626 4835 nasei
652 4789 741 4855 potest
762 4780 813 4836 nisi
834 4790 945 4837 eruenta
968 4780 1084 4837 seditio?
1111 4780 1138 4834 Si
1165 4797 1215 4837 nos
1239 4780 1382 4837 Romanam
1405 4779 1546 4837 eeclesiam
1568 4781 1636 4836 inla-

421 4961 431 4993 ⁸
445 4960 537 5027 epist]
551 4961 593 5012 Cf.
608 4977 690 5028 supra
703 4962 831 5029 pdtthsq.
877 4961 894 4995 ¹¹
910 4961 1004 5030 epist]
1019 4961 1191 5029 vulgariorum
1204 4980 1229 5031 p.
1243 4962 1300 5015 ²58.
1314 4981 1354 5031 sq.
1400 4960 1423 4998 ⁴2
1433 4963 1573 5032 peretot]
1587 4980 1634 5016 va·

353 5042 473 5111 alloquia
520 5045 541 5078 ¹²
558 5060 612 5097 non
630 5046 725 5114 semel]
744 5049 838 5113 lmmo,
857 5049 941 5099 semel
955 5054 1060 5100 tentum
1073 5049 1182 5117 μανίαν
1195 5055 1277 5102 vocat
1289 5050 1317 5099 in
1330 5050 1417 5101 tribus
1430 5051 1486 5101 illis
1498 5052 1634 5118 epistulis.
