3934 6034
348 689 1539 746 CCCLXXXVI.nrnrne.censurinvrrrnonna.CCCLXXXVIl.rnasn.uneiusne.
1560 674 1628 747 441

349 878 469 927 enotare.
514 868 567 924 Hac
588 869 688 924 etenim
713 867 818 923 ratione
843 866 915 940 quod
938 866 1050 921 verbum
1074 866 1230 940 proprium.
1255 875 1394 928 ornatum.
1419 866 1547 928 sublime.
1571 867 1634 940 quid

350 956 472 1029 speciose
496 952 671 1015 translatum,
696 971 755 1026 qnae
776 952 919 1007 verborum
943 952 1043 1024 ligura,
1076 969 1136 1025 (puae
1161 951 1229 1008 lenis
1251 959 1279 1007 et
1305 952 1446 1024 quadrata,
1480 952 1526 1007 sed
1550 952 1634 1007 virilis

351 1050 441 1097 tnurcu
463 1039 626 1113 compositio
650 1039 701 1100 sit,
723 1038 792 1094 haud
816 1037 930 1092 obscure
953 1045 995 1092 cst
1016 1037 1225 1110 deprehendere.
1268 1036 1324 1104 Qua
1347 1038 1373 1092 in
1399 1055 1428 1092 re
1452 1038 1576 1110 quidnam
1600 1038 1636 1092 sit

352 1126 497 1199 agendum.
519 1122 698 1180 lluldericbus
714 1123 857 1184 lluttenus,
881 1122 920 1176 vir
940 1140 972 1178 ne
992 1122 1056 1195 qnid
1071 1121 1142 1177 aliud
1158 1122 1257 1183 dicam.
1281 1122 1385 1178 meliori
1402 1123 1501 1195 dignus
1517 1124 1634 1185 lortuna.

328 1212 458 1283 sinsigne
479 1218 560 1283 atque
581 1209 648 1264 adeo
670 1207 800 1264 studiosis
823 1206 948 1263 omnibus
971 1207 1127 1262 imitandum
1144 1208 1236 1263 cedidit
1250 1207 1409 1281 exemplum.
1442 1207 1549 1263 Nullum
1564 1210 1635 1264 enirn

352 1296 446 1371 primae
469 1303 542 1351 notae
561 1304 683 1350 autorem
706 1292 817 1354 evolvit,
840 1293 909 1348 unde
934 1310 1003 1354 non,
1028 1292 1154 1366 quiequid
1177 1293 1209 1348 ad
1232 1293 1374 1367 parandam
1395 1293 1523 1367 loquendi
1546 1293 1636 1367 supel-

354 1381 469 1437 lectilem
491 1397 506 1436 e
528 1398 557 1436 re
581 1379 731 1440 ridebatur.
755 1378 955 1434 accuratissime
973 1377 1139 1451 decerperet.
1184 1377 1210 1434 ld
1229 1378 1335 1434 consilii
1356 1379 1378 1434 si
1399 1396 1412 1434 a
1432 1377 1570 1452 plerisque
1589 1396 1636 1434 uo·

353 1475 417 1523 strae
440 1466 529 1522 aetatis
550 1473 705 1539 caperetur,
730 1464 824 1519 maiori
847 1472 921 1519 certe
945 1472 1001 1518 tum
1029 1462 1167 1536 uoluptate
1191 1472 1247 1519 turn
1274 1464 1391 1519 utilitate
1419 1465 1513 1537 optimi
1536 1464 1636 1538 quique

352 1560 464 1607 autores
491 1549 657 1623 legerentur.
712 1550 787 1605 Nacti
816 1550 900 1623 igitur
924 1544 1030 1603 τοῦτον
1055 1535 1105 1601 τὸν
1134 1545 1264 1620 λειμῶνα
1297 1549 1481 1605 selectissimis
1508 1548 1635 1621 loquendi

321 1636 480 1694 tolormulis
503 1654 534 1692 ex
557 1635 675 1692 Salustio
697 1644 725 1691 et
742 1633 772 1701 Q.
795 1635 888 1690 Curtio
911 1635 1089 1707 variegatum,
1112 1652 1143 1691 ac
1162 1635 1273 1690 llutteni
1294 1634 1424 1707 scriptum
1443 1652 1521 1690 manu
1545 1635 1571 1689 in
1589 1652 1637 1707 pu·

353 1722 452 1778 blicnrn
475 1722 577 1783 ardere,
612 1730 714 1794 tuoque
737 1720 838 1775 nomini
863 1721 952 1776 dicare
974 1718 1120 1782 voluimus,
1154 1720 1311 1776 charissime
1332 1720 1413 1786 llaie,
1449 1736 1502 1775 non
1530 1729 1583 1775 tem
1608 1728 1637 1774 ut

354 1807 502 1864 rmrndioris
523 1805 686 1879 eloquentiae
708 1804 855 1861 candidatis
878 1805 1106 1877 gratilicaremnr‚
1130 1822 1209 1878 quam
1233 1813 1262 1860 ut
1284 1805 1380 1860 studiis
1403 1806 1457 1860 tnis
1482 1804 1522 1861 vel
1547 1804 1637 1878 aliqua

353 1891 560 1955 consuleretur,
582 1894 625 1947 cui
647 1891 754 1965 quidem
777 1891 864 1946 rarius
887 1898 967 1963 utque
989 1888 1085 1951 libeat.
1112 1898 1186 1946 totos
1208 1899 1316 1947 autores
1338 1899 1412 1946 vacat
1433 1889 1569 1963 relegere.
1593 1907 1638 1945 ne·

354 1978 437 2050 gotiis
467 1976 561 2032 aulicis
584 1976 698 2032 subinde
724 1976 777 2031 alio
810 1983 835 2031 te
863 1974 1044 2032 avocantibus.
1089 1974 1165 2043 Quod
1193 1977 1214 2031 si
1236 1993 1266 2031 ea
1293 1994 1353 2048 quae
1378 1993 1410 2031 ex
1433 1976 1461 2030 T.
1485 1975 1558 2030 bivio
1581 1979 1639 2049 puri

322 2062 495 2135 indiligentia
518 2080 548 2116 ne
571 2061 668 2117 iudicio
690 2061 760 2117 idem
785 2060 919 2116 Iluttcuus
938 2062 1090 2133 congessit.
1119 2060 1217 2116 babere
1240 2061 1321 2117 llusis
1348 2060 1414 2117 bene
1437 2060 1639 2116 lortunantibus

355 2148 478 2208 licuerit,
504 2147 595 2202 itidem
617 2148 814 2203 cornmnuieare
837 2164 890 2202 non
914 2145 1098 2219 gravabimur.
1123 2147 1204 2202 modo
1230 2146 1347 2202 osticium
1371 2147 1421 2202 boe
1440 2154 1563 2201 nostrum
1583 2154 1640 2201 stu·

354 2233 439 2288 iliosis
462 2232 530 2289 linnd
554 2233 689 2305 ingratum
713 2233 885 2287 senserimus.
909 2230 980 2286 Vale.
1006 2232 1188 2304 Argentorati.
1212 2233 1287 2286 tuno
1311 2238 1383 2291 1528.

422 2366 453 2413 ln
473 2364 563 2413 ultera
580 2363 690 2413 Florum
711 2364 832 2413 editione
852 2363 974 2412 Sallustio
994 2363 1177 2424 indiculorum,
1207 2379 1266 2427 quae
1291 2364 1393 2428 prodiit
1421 2364 1572 2428 ‘Hagnneae
1591 2379 1641 2428 per

355 2450 451 2499 loann.
465 2450 526 2498 See.
544 2448 547 2510 Ι
563 2449 613 2497 dn.
631 2449 814 2508 utnuxxm',
832 2447 887 2511 18⁰.
906 2447 967 2497 lrree
987 2448 1119 2512 epistula,
1141 2449 1233 2513 (qumn
1252 2448 1360 2499 bliineh.
1375 2449 1420 2497 lv.
1440 2466 1466 2514 p.
1480 2447 1538 2498 583.
1558 2450 1638 2498 mriti-

318 2535 408 2583 iotam
433 2540 642 2599 corruptumque
666 2533 796 2592 reddidit)
821 2533 941 2596 repetito
965 2549 1019 2581 uon
1044 2538 1094 2581 cst.
1131 2533 1184 2582 Sed
1209 2534 1236 2583 in
1261 2536 1344 2583 tertia
1371 2550 1430 2598 quie
1449 2532 1568 2583 Basilcae
1596 2550 1639 2599 ap.

354 2621 450 2669 Ioarru.
470 2619 640 2684 Hervngiupt
664 2633 688 2666 a.
706 2616 777 2667 1534.
800 2616 837 2666 8⁰.
862 2617 978 2681 prodiit,
1003 2617 1152 2667 seeundum
1176 2618 1366 2682 ephemerides
1394 2619 1544 2683 inscriptas
1573 2620 1640 2682 Any.

355 2706 437 2754 litter.
456 2706 593 2767 Anzeipcr.
613 2704 678 2767 Lpz.
696 2701 769 2751 tuot).
789 2703 825 2751 4⁰.
846 2702 898 2752 eol.
912 2702 984 2760 572„
1007 2702 1156 2765 exquibus
1176 2703 1246 2751 idem
1264 2702 1375 2753 llliineh.
1390 2703 1436 2752 lv,
1457 2719 1481 2767 p·
1496 2702 1554 2752 582.
1575 2704 1641 2752 mire

356 2795 512 2853 corruptum
531 2789 656 2854 repetiit,
676 2788 728 2837 hoc
747 2791 825 2837 extet
842 2788 977 2851 Herragii
996 2788 1129 2836 monitum

862 2906 909 2955 ΑΙ)
929 2905 1137 2955 LECTOREM.

319 3029 346 3069 as
442 3014 509 3082 Quid
532 3014 559 3069 in
581 3012 730 3068 datoribus
751 3019 853 3085 praeter
874 3012 997 3068 historin
1018 3019 1186 3086 perspectam
1213 3012 1290 3068 bilem
1312 3015 1486 3087 querendum
1509 3015 1558 3075 sit.
1582 3032 1644 3070 can·

355 3101 417 3156 dide
439 3100 550 3161 Lector.
574 3099 632 3154 eius
654 3098 789 3172 specimen
814 3107 870 3154 tum
894 3098 920 3152 in
943 3096 1018 3158 aliis.
1050 3104 1106 3151 turn
1135 3097 1186 3153 boc
1209 3115 1263 3153 uuo
1286 3097 1415 3154 Sallustio
1436 3099 1561 3156 dilucidae
1583 3100 1644 3156 bre·

356 3185 447 3242 uitatis
469 3184 615 3246 bistorico,
636 3182 797 3240 lluldericus
818 3182 951 3239 Huttenns
974 3190 1102 3238 contente
1122 3181 1240 3238 ellinxit:
1264 3202 1347 3256 quum
1370 3202 1430 3257 quae
1454 3193 1557 3246 ornata.
1580 3202 1643 3258 pro·

357 3271 430 3345 pria.
459 3287 531 3332 rara.
557 3268 755 3341 eoinpesitioue
778 3278 805 3324 et
830 3269 1037 3342 cloquutionum
1064 3267 1151 3322 medis
1174 3267 1303 3341 insignia,
1336 3270 1467 3331 enotnrit,
1504 3288 1564 3343 quae
1594 3288 1644 3325 nos

357 3357 409 3412 boe
428 3349 552 3429 signo?
579 3354 610 3408 nd
633 3353 745 3409 alteram
766 3353 925 3416 dictionem,
950 3371 1002 3426 qua
1025 3369 1068 3407 res
1090 3352 1189 3415 baeret,
1218 3353 1401 3427 depinximus:
1429 3355 1473 3410 nbi
1497 3373 1560 3411 vero
1581 3372 1645 3411 eon·

321 3458 348 3497 so
359 3440 449 3496 silium
472 3448 620 3501 attentum,
650 3447 696 3494 aut
723 3440 795 3513 quod
824 3456 914 3495 mores
937 3439 1072 3511 vitamque
1094 3438 1232 3494 bominum
1256 3450 1366 3512 arguat,
1397 3441 1428 3495 ad
1460 3441 1607 3514 marginem
1634 3455 1646 3506 t

357 3525 414 3596 (sed
436 3526 462 3580 in
486 3526 545 3599 ipse
568 3524 638 3580 libro
656 3526 708 3581 boe
726 3526 833 3597 signum
853 3522 883 3596 “l
907 3523 1056 3597 posuimus.
1092 3522 1148 3579 lloe
1171 3524 1255 3596 igitur
1273 3525 1396 3599 exemplo
1416 3526 1443 3581 in
1460 3526 1568 3582 caeteris
1585 3544 1643 3580 rer·

358 3629 417 3666 sare
441 3610 585 3666 autoribus
607 3619 634 3666 et
656 3610 754 3666 mirum
777 3618 908 3683 quantum
932 3610 1052 3671 tructus,
1079 3626 1133 3682 quo
1153 3608 1272 3681 linguam
1291 3619 1319 3666 et
1340 3629 1430 3667 mores
1450 3611 1548 3684 lingas.
1572 3610 1644 3665 brevi

357 3696 473 3753 accedat.
517 3695 593 3751 Vale!

831 3889 1151 3909 *-

376 4116 510 4151 stoicas.
837 4078 1173 4156 CCCLXXXVII.
1444 4112 1465 4149 ⁵.
1480 4117 1555 4151 serr.
1576 4110 1634 4151 tes.

361 4171 562 4179 -—-—--—---

1420 4174 1648 4183 ——-——-—--.

322 4282 348 4322 35
624 4256 775 4314 Entsttvs
797 4256 1040 4314 ttetEttttuuttt's
1062 4258 1209 4315 llAllTbb'O
1233 4258 1335 4314 tusto
1358 4260 1384 4314 S.

446 4394 478 4450 tu
501 4395 566 4450 mibi
589 4411 643 4449 uun
667 4401 758 4468 petest
780 4410 835 4447 non
857 4399 918 4449 esse
941 4403 1047 4466 gratnm
1072 4396 1109 4449 tui
1138 4395 1257 4468 pectoris
1286 4413 1350 4468 erga
1379 4414 1421 4453 rue
1451 4398 1583 4458 studium.
1612 4399 1648 4454 ita

361 4478 444 4534 uelim
470 4488 495 4534 tc
519 4480 590 4534 serio
613 4496 673 4534 eum
697 4478 849 4534 istiusmodi
873 4477 975 4534 rabulis
1004 4479 1168 4542 conllirtari,
1198 4497 1247 4535 nce
1274 4481 1332 4554 ipse
1361 4499 1524 4556 magnopere
1552 4482 1648 4539 labore

361 4565 430 4620 seire
454 4565 518 4637 quid
541 4565 584 4620 bie
606 4570 653 4619 arrt
683 4563 727 4618 ille
755 4562 880 4619 blateret.
926 4563 1051 4637 Expedit.
1087 4565 1190 4639 imptis,
1225 4572 1254 4619 ut
1285 4566 1466 4623 tratlucantur.
1510 4566 1578 4635 euin
1605 4568 1648 4624 hie

360 4746 594 4796 CCCLXXXVII.
639 4745 707 4794 t...t.
732 4764 766 4788 r:
788 4747 897 4796 l-lresmi
914 4748 984 4813 Epp.
1008 4748 1077 4808 (Iud.
1097 4747 1163 4796 bibl.
1186 4764 1212 4797 n.
1227 4747 1347 4809 subm..)
1419 4748 1443 4812 l)
1461 4766 1487 4815 p.
1507 4749 1647 4801 ttttt...02·2.

360 4833 386 4891 2)
406 4848 430 4895 p.
444 4830 583 4883 858...8e·2.
626 4830 652 4880 {ll
667 4831 729 4880 coll.
744 4829 914 4885 tter...t·2tte,
934 4832 1076 4909 xxti-31.
1121 4834 1147 4888 t)
1167 4832 1648 4911 coll.lllli...l113.n.nccccux-nrn.

939 4901 996 4909 -...
1036 4904 1130 4910 „—
1151 4900 1571 4911 “.——p——-—-

427 4968 478 5016 ⁹1.
497 4984 521 5019 τ,
541 4966 575 5032 l]
595 4969 646 5017 hec
666 4972 785 5032 protum,
805 4968 864 5017 bine
884 4968 1001 5018 tlornlin.
1045 4966 1065 5001 ¹¹
1084 4969 1178 5018 Florus
1198 4986 1231 5019 ex
1250 4972 1329 5021 Livio
1348 4986 1402 5021 non
1420 4971 1587 5036 prodierunt.

428 5051 450 5082 ³³
467 5054 603 5103 Martinus
621 5053 733 5117 Lipsius
751 5052 953 5116 bruxellensis,
978 5054 1047 5103 lusti
1066 5055 1156 5119 Lipsii
1174 5062 1288 5120 patruus
1312 5057 1410 5116 maior,
1435 5058 1586 5107 canonieus
1609 5073 1649 5107 re-
