3934 6034
449 685 522 759 308
621 701 818 754 cccxxxlu.
840 719 957 755 suonam
971 720 1073 754 sanam
1088 719 1230 754 nnvsasvs
1244 718 1416 754 suessiones
1431 719 1564 755 nuruum.

379 885 445 936 tam.
460 876 506 934 dis
525 891 612 949 qnam
635 876 802 948 reteqendis
821 877 936 935 alienis.
963 876 1041 946 (irad
1053 885 1149 935 anetem
1168 878 1327 952 improbius
1343 894 1431 951 quam
1443 876 1605 937 Huttennm
1621 890 1738 933 sumere

446 993 603 1036 censuram
623 992 736 1036 marina
759 995 903 1051 meorum,
927 981 979 1056 qni
996 996 1146 1052 nunquam
1165 996 1276 1038 marma
1294 982 1389 1053 eperit
1403 979 1660 1045 consummarem,
1682 977 1740 1034 nisi

379 1130 381 1135 .
447 1080 526 1154 qnod
545 1083 634 1138 semet
652 1087 740 1153 atque
760 1082 864 1138 iterum
886 1098 1062 1154 conpressus
1083 1083 1134 1154 sit,
1157 1089 1186 1141 et
1205 1084 1295 1140 serrat
1312 1088 1365 1140 aut
1382 1084 1425 1139 ad
1444 1097 1587 1139 summum
1605 1080 1650 1138 bis
1667 1079 1738 1136 milei

444 1182 540 1254 fuera
556 1178 699 1241 eoriuina?
724 1186 925 1257 pronuncient
945 1186 982 1243 de
1004 1184 1132 1242 moribus
1155 1186 1226 1243 meis
1248 1186 1300 1257 qni
1314 1184 1511 1255 faraiiiaritor
1529 1200 1568 1242 nc
1590 1183 1644 1241 din
1665 1180 1737 1239 utini

379 1296 445 1347 §.ns
457 1287 659 1344 convixerunt.
689 1285 801 1344 Probat
816 1287 1019 1344 iustitutionem
1037 1302 1147 1356 meam,
1170 1302 1265 1345 mores
1282 1286 1428 1361 improbat
1442 1293 1472 1344 et
1485 1286 1523 1343 ab
1540 1284 1647 1342 aarum
1664 1284 1753 1341 imi-s

448 1390 555 1447 tatione
574 1387 748 1446 dehortatur
772 1388 950 1447 Germanos:
972 1405 1029 1460 aqe
1050 1389 1200 1447 dividatur
1222 1389 1288 1447 liceo
1310 1391 1421 1446 utilitas
1443 1389 1521 1446 iuter
1540 1403 1611 1458 nos,
1640 1390 1737 1443 sumat

449 1490 598 1548 Germana
617 1491 750 1549 inventas
769 1507 788 1548 a
808 1492 889 1550 nobis
907 1493 1127 1564 institutionem,
1151 1507 1262 1550 morum
1277 1492 1433 1564 euemplar
1446 1496 1527 1564 petat
1544 1489 1582 1547 ab
1597 1487 1734 1559 Hutteno,

446 1595 539 1665 sitque
561 1592 615 1650 noe
638 1593 697 1650 iom
720 1610 808 1651 nanim
836 1596 983 1667 specimen
1012 1593 1199 1652 Germanica
1227 1594 1431 1667 sqneeritntis,
1463 1608 1529 1651 eum
1556 1605 1614 1649 non
1639 1592 1736 1665 possis

446 1697 564 1754 inimico
585 1711 704 1766 nocere,
731 1695 838 1753 talibus
858 1696 962 1754 libeliis
983 1696 1075 1753 subito
1096 1698 1234 1769 iuqniare
1254 1698 1395 1766 amionem,
1429 1701 1473 1766 et,
1506 1694 1587 1768 qaod
1613 1700 1737 1767 superat

447 1813 559 1855 ornnem
581 1796 764 1869 barbariem,
787 1814 826 1855 en
848 1800 915 1871 ipsa
937 1800 1068 1856 amicitia
1090 1802 1177 1857 tetum
1197 1815 1255 1872 quo
1274 1797 1432 1870 confodias
1454 1798 1596 1867 amioum,
1621 1797 1700 1853 uelut
1717 1806 1765 1852 ea

380 1901 543 1973 §.unione
565 1900 645 1973 qnod
664 1901 761 1972 aiunt,
783 1902 879 1958 torum
901 1917 1032 1959 sumere:
1060 1902 1119 1958 nisi
1138 1903 1215 1959 enim
1237 1900 1396 1959 liuttenum
1422 1901 1593 1974 complexus
1610 1896 1736 1970 sumsero

447 2018 573 2078 syncera
596 2001 807 2073 berreoolentin,
832 2020 889 2061 aon
912 2004 1034 2062 liaberet
1054 2019 1110 2076 qao
1131 2020 1177 2061 me
1197 2003 1330 2062 laederet.
1371 2017 1539 2075 quanquam
1563 2002 1660 2074 nraqis
1687 2001 1736 2057 in-

448 2106 553 2179 diqnor
572 2104 617 2162 illi
640 2105 692 2176 qui
712 2104 871 2162 liuttenum
892 2107 950 2164 irae
970 2108 1133 2179 instiqaait‚
1163 2106 1213 2163 eni
1233 2122 1287 2163 aee
1314 2107 1373 2181 ipsi
1391 2104 1500 2177 fuisset
1517 2103 1654 2175 facultas
1680 2118 1736 2160 no-

447 2207 547 2277 cendi,
565 2207 624 2263 uisi
638 2205 662 2278 s
659 2208 747 2264 uisset
760 2209 789 2265 in
803 2206 1042 2278 familiaritatem
1060 2209 1223 2274 admissus,-
1240 2225 1294 2266 nee
1311 2211 1335 2267 is
1351 2206 1549 2278 fraudabitur
1564 2222 1620 2264 sua
1636 2203 1735 2275 tande,

449 2324 537 2383 qnam
555 2325 617 2366 sese
627 2310 799 2382 prodiderit
804 2330 814 2376 ‚·
836 2310 977 2367 hactenns
992 2313 1068 2368 enim
1089 2313 1174 2369 iusta
1191 2313 1297 2370 eomiei
1309 2311 1418 2369 dietum
1441 2309 1530 2382 ‘quoa
1542 2310 1604 2367 scio
1619 2307 1735 2366 neseio'.
1747 2321 1767 2360 a

379 2421 446 2471 §.nso
463 2409 525 2469 *Et
543 2417 645 2484 postea
667 2413 781 2484 reteqat
791 2427 839 2476 ¹me
854 2414 882 2468 in
905 2428 998 2470 metim
1017 2413 1301 2486 Galioqermaninm,
1325 2428 1412 2485 qnam
1436 2413 1499 2485 ipse
1519 2412 1550 2469 in
1573 2410 1735 2469 Germania

447 2516 559 2571 retritum
581 2512 689 2571 lrabeat
709 2517 803 2573 laeum
824 2516 896 2573 satis·
915 2522 1021 2582 tutum,
1051 2518 1191 2590 raaiitqne
1211 2517 1316 2591 nospes
1340 2532 1401 2573 esse
1422 2513 1620 2572 Heluetiorum
1646 2513 1735 2569 etan-

446 2618 582 2674 rularias
603 2631 691 2689 qnam
717 2615 880 2673 Gerrrrauas
902 2617 987 2691 apud
1009 2618 1170 2676 Germanos
1192 2620 1222 2675 in
1245 2620 1309 2677 laea
1331 2634 1431 2690 apere.
1465 2616 1597 2689 nequid
1618 2614 1735 2673 interim

446 2728 560 2788 turem,
580 2719 660 2791 quod
676 2717 903 2789 Brimelienses,
920 2721 1049 2791 quisine
1064 2721 1452 2790 corrtrooersiaGallisunt,
1473 2719 1608 2792 appellat
1628 2716 1734 2775 Gatta-

446 2836 622 2895 qermanos,
644 2838 681 2879 ue
696 2836 741 2878 me
755 2822 899 2893 reteqnte
918 2821 1093 2893 Germania,
1116 2826 1204 2897 qnasi
1223 2822 1356 2881 Basilice
1376 2824 1474 2880 virens
1496 2834 1585 2892 aqam
1608 2820 1638 2876 in
1657 2800 1767 2876 Ger-²'

380 2933 446 2984 sur.
459 2925 570 2982 mimia.
603 2923 732 2981 Proinde
751 2925 778 2980 si
788 2922 934 2981 liutteaus
955 2940 1079 2996 requiam
1100 2926 1205 2984 obtinet
1225 2927 1256 2983 in
1279 2933 1338 2983 tota
1358 2924 1533 2993 Germania,
1556 2927 1589 2980 nt
1609 2923 1656 2979 ius
1676 2919 1737 2977 hu-

449 3028 516 3085 beat
532 3027 690 3098 releqaadi
710 3042 793 3100 quem
817 3028 897 3095 rein,
929 3026 1003 3083 mini
1029 3027 1112 3085 dt'bt'!
1131 3029 1244 3101 aequior
1270 3044 1348 3098 esse,
1382 3028 1434 3099 qni
1460 3032 1548 3083 natus
1575 3026 1629 3083 sim
1660 3025 1737 3081 inter

379 3142 446 3192 §.ms
459 3132 534 3188 ostia
553 3128 661 3198 Rheni,
682 3129 736 3186 sed
754 3129 879 3201 propior
895 3129 1003 3186 Gallice
1022 3146 1110 3202 qnam
1130 3131 1314 3197 Germaniam
1335 3142 1536 3200 necunquam
1553 3127 1641 3198 attiqi
1657 3125 1736 3183 Ger-

448 3235 594 3304 maniam,
616 3232 676 3289 aisi
695 3232 783 3288 senret
804 3240 892 3302 atque
914 3232 1034 3301 iterum,
1059 3231 1150 3289 obiter
1175 3231 1297 3303 aliquod
1321 3233 1447 3290 invisens
1468 3230 1609 3305 oppidum
1631 3226 1737 3285 Rheno

448 3336 587 3405 uicinam,
620 3335 697 3391 uelat
715 3334 782 3390 oiim
802 3331 1058 3404 Franefordiam,
1091 3351 1188 3409 nrrper
1207 3333 1407 3407 Fribnrqum:
1439 3350 1493 3392 ner
1522 3331 1682 3391 admodum
1704 3329 1767 3386 ints

379 3444 448 3494 §.rso
460 3441 530 3496 notis
551 3442 594 3494 est
614 3437 702 3494 attius
724 3435 850 3507 inpredi.
888 3436 1017 3494 nondam
1029 3440 1158 3509 qrauaai
1173 3437 1377 3507 Germaniam,
1400 3452 1495 3509 aqna
1512 3435 1587 3493 ninii
1604 3447 1736 3506 anquam

448 3539 550 3611 carrioii,
570 3540 629 3596 nisi
648 3543 759 3610 prount
780 3539 833 3609 qni
852 3540 912 3595 sais
932 3538 1088 3596 sudoribus
1107 3540 1232 3597 adiuuat
1248 3539 1370 3613 publica
1392 3540 1508 3604 stadia·
1531 3553 1585 3595 nee
1607 3536 1657 3594 iiie
1678 3549 1736 3607 apo

442 3658 502 3715 pro
523 3649 653 3713 tempore
675 3646 706 3696 ut
727 3655 891 3714 quenquam
912 3642 1051 3714 spoliem,
1073 3642 1174 3699 sedat
1193 3659 1255 3700 rreeo
1276 3650 1392 3715 sarapta
1411 3642 1523 3715 prosim
1544 3639 1625 3696 honis
1642 3638 1737 3695 literis

448 3751 477 3800 et
502 3743 672 3814 eeanpelieo
700 3744 828 3811 neqoeio.
870 3752 902 3800 nt
930 3742 1144 3801 Germanorum
1173 3745 1331 3801 amicitiam
1359 3744 1451 3801 ninas
1477 3744 1634 3815 ampiexus
1663 3754 1737 3811 sunt,

380 3854 446 3904 §.toa
459 3848 514 3915 ita,
534 3847 637 3917 pratia
659 3848 788 3919 superis,
812 3846 921 3903 nultius
942 3861 1012 3918 epea
1033 3846 1218 3917 berriqaitate.
1250 3845 1315 3918 qu
1336 3860 1486 3917 teneriquam
1508 3844 1619 3903 iactavi
1639 3856 1768 3900 moresu

447 3963 540 4019 meos,
562 3952 591 4004 et
612 3947 738 4019 quotidie
759 3963 824 4005 enim
849 3949 908 4005 illis
930 3949 1033 4019 riuor,
1059 3950 1147 4006 etiam
1168 3964 1278 4014 senen:
1305 3947 1420 4021 qandeo
1443 3954 1540 4005 tamen
1562 3962 1625 4005 esse
1639 3959 1737 4019 puras

449 4050 487 4107 ab
508 4050 554 4108 iris
570 4050 652 4108 viciis
672 4066 740 4123 quie
760 4050 833 4108 mila
852 4052 977 4122 iarqiter
999 4050 1267 4119 trionitlluttenus,
1287 4050 1320 4107 id
1336 4049 1557 4122 quodomnium
1575 4048 1737 4107 testimonia

381 4152 588 4225 §.supiniore
603 4168 737 4226 possum,
760 4153 931 4225 quibusoam
948 4150 1144 4223 fetraitiariter
1165 4154 1236 4210 viui.
1273 4152 1403 4210 Ριιίιιιιιη
1422 4150 1502 4223 facit
1519 4168 1565 4210 me
1580 4151 1657 4209 adeo
1672 4166 1736 4207 mr-

448 4257 612 4316 tirnlosum.
636 4254 767 4327 adeoque
788 4256 899 4325 infirmi
919 4236 1025 4324 (inniti,
1054 4262 1198 4313 utrinam
1222 4256 1313 4328 ipsius
1340 4253 1473 4312 iratorum
1493 4271 1573 4329 pene
1597 4260 1735 4312 aninam.

447 4364 479 4414 at
500 4356 645 4415 Hutteuas
667 4358 830 4415 meminisse
851 4357 934 4416 debet
951 4361 1112 4431 plrnimnm
1134 4359 1272 4415 interesse
1298 4359 1374 4415 inter
1392 4355 1600 4429 fortitudinem
1629 4372 1668 4415 ae
1689 4362 1768 4414 te-ss

448 4461 627 4517 meritatem:
647 4465 760 4517 tornare
782 4460 861 4531 qnod
878 4476 935 4517 non
952 4462 1050 4533 possis
1069 4458 1205 4531 efficere,
1226 4475 1391 4533 provocare
1413 4476 1484 4533 quos
1505 4476 1634 4533 nequeas
1648 4475 1736 4518 eorr-

381 4568 446 4616 §.302
460 4578 541 4631 cere,
565 4560 711 4619 dementia
731 4569 787 4629 est,
810 4577 866 4618 non
887 4560 1044 4633 fortitudo.
1079 4569 1122 4619 est
1140 4563 1278 4635 quaedam
1295 4564 1477 4636 qiadintoria
1491 4562 1648 4636 fortitudo,
1670 4576 1737 4635 qute

448 4666 478 4720 iu
502 4679 621 4720 neruum
643 4665 786 4737 erumpit,·
805 4665 971 4736 prudenter
993 4666 1113 4737 scripsit
1132 4666 1243 4739 lyricas
1270 4673 1383 4725 noster:

517 4796 537 4828 ¹⁰
555 4787 602 4845 'Eu
620 4795 671 4846 τοῦ
688 4794 753 4860 βοὸς
771 4789 837 4856 τούς
855 4791 985 4864 ἱμάντας.
1004 4799 1074 4848 l'lai.
1089 4800 1135 4847 vl.
1150 4799 1214 4849 tam
1228 4802 1256 4849 F.
1279 4802 1330 4849 siae
1349 4791 1378 4850 ἔκ
1392 4798 1443 4849 τοῦ
1454 4791 1532 4866 βόςὴ
1546 4792 1659 4865 μάστιξ.
1678 4799 1735 4848 Μι-

448 4900 504 4933 aar.
518 4882 569 4931 111.
580 4881 622 4930 (59.

516 4966 535 4998 ¹³
556 4964 608 5030 illi]
630 4969 835 5033 Epparulorsiio.
902 4969 921 5000 ¹³
940 4968 1047 5034 ιεοιιιίοἰ]
1068 4971 1179 5023 'sorano
1196 4971 1527 5035 1⁴:11n.1v.-1.;'›s.sq.‚,si
1547 4972 1637 5035 sapis,
1658 4970 1735 5034 Quod

447 5055 516 5114 scis,
537 5054 654 5102 inssi-id&
692 5052 712 5084 ¹⁰
731 5052 826 5119 reiegq
847 5056 960 5120 Expost.
979 5056 1003 5114 ἓ.
1017 5054 1075 5103 mni.
1114 5055 1136 5087 ³⁸
1155 5055 1243 5121 lyrim]
1264 5058 1359 5105 Horat.
1374 5072 1458 5105 aaran.
1474 5056 1523 5105 ΙΙΙ.
1538 5056 1563 5118 4,
1577 5054 1682 5122 ssbsqq.
