3934 6034
208 664 281 735 276

207 853 271 910 Nan
296 854 440 927 deprecor·
453 856 530 927 auin
552 855 725 928 proferant,
746 858 831 915 mado
848 857 1010 931 proferant
1029 874 1142 916 amnes:
1166 859 1227 916 ittae
1248 859 1424 915 convincent
1448 868 1495 909 rue

152 968 357 1028 ‚mariamnam
376 954 558 1026 [ruderatum
576 955 672 1027 fuisse
690 957 877 1016 lutheranis.
923 959 1001 1016 ‚blibi
1018 962 1047 1016 r'n
1063 960 1238 1018 llocbstrata
1255 961 1313 1017 iuni
1336 958 1408 1015 otim
1426 954 1493 1011 dis-

199 1059 306 1130 plicuit
328 1060 443 1114 arnmus
464 1059 513 1115 ille
531 1057 639 1129 seran,
676 1058 812 1131 infensus
833 1060 914 1118 barris
939 1064 1031 1119 literis
1059 1069 1087 1118 et
1110 1061 1292 1119 concitandis
1319 1056 1494 1117 turrneltibus

202 1165 303 1229 uatus,
323 1160 429 1229 ptarire
446 1161 545 1217 sitiens
561 1177 600 1217 ea
620 1162 744 1218 aliarum
767 1165 853 1219 ruatis
873 1164 1017 1228 collectae·
1038 1179 1092 1222 uec
1109 1163 1268 1220 amicitiam
1284 1160 1413 1219 bominis
1431 1174 1491 1215 uu-

203 1274 291 1333 quam
313 1259 415 1329 ambil,
451 1277 505 1318 nec
527 1262 700 1319 simultatem
722 1279 787 1320 curn
816 1266 865 1321 illo
888 1264 966 1321 ubl-iti
985 1280 1139 1334 exercere,
1172 1264 1305 1320 uidelicet
1332 1262 1513 1320 consulens⁵

153 1364 264 1419 *stacta
283 1361 446 1418 studiorum
465 1377 603 1421 rnearurn.
652 1363 727 1432 Ouid
747 1373 842 1423 autern
865 1365 1053 1423 inhumanius
1070 1382 1157 1439 auum
1177 1365 1225 1422 liic
1242 1380 1401 1422 recensere
1418 1360 1494 1435 quid

202 1463 347 1535 r¹llutitum
361 1465 400 1520 sit
412 1464 441 1520 iu
460 1464 558 1522 tiberis
571 1466 829 1538 compotationibus
844 1474 895 1524 aut
908 1466 1193 1538 confabulationibus
1208 1467 1382 1533 amicorum,
1404 1464 1493 1519 cuius

203 1582 256 1623 nec
280 1566 409 1623 meminit
427 1566 452 1622 is
473 1568 525 1637 qai
545 1567 636 1636 dicit,
659 1583 713 1625 uec
734 1567 766 1624 lri
785 1570 837 1639 apd
856 1565 1013 1640 reserant?
1032 1583 1130 1625 uerum
1151 1568 1200 1625 ubi
1213 1584 1261 1624 res
1281 1567 1387 1636 apitur
1401 1564 1492 1633 serio,

158 1674 261 1725 utum
284 1673 413 1742 apparet
433 1665 506 1739 quid
524 1667 632 1726 babeas
653 1670 753 1726 animi.
798 1671 984 1742 Scripseram
1005 1669 1181 1739 lietaldum,
1202 1670 1290 1727 etiarn
1309 1674 1381 1725 ante
1398 1680 1491 1739 quam

201 1770 343 1839 uiderem,
369 1774 400 1826 ut
421 1770 453 1825 in
473 1765 681 1828 Hacbstruturn
706 1777 734 1827 et
761 1772 839 1828 illius
858 1772 974 1829 sodales
996 1772 1176 1829 rrradecatius
1197 1770 1401 1837 inveberetur,
1432 1782 1491 1825 narr
1504 1779 1526 1819 ιο

200 1870 279 1943 quad
299 1870 370 1928 benc
392 1873 491 1928 aettern
512 1870 703 1941 llaebstruta,
729 1872 783 1930 sed
802 1873 880 1944 qrtad
897 1872 1068 1931 Ilcuclrtina.
1108 1873 1142 1930 Si
1157 1874 1289 1946 t'apaion
1311 1872 1415 1929 onznia
1435 1884 1493 1926 saa

199 1974 300 2029 salitus
318 1976 362 2029 est
381 1970 538 2043 effundere
560 1974 591 2029 in
612 1975 707 2031 sinum
732 1973 866 2038 llutteni,
900 1992 956 2033 nau
987 1975 1085 2033 dubita
1114 1976 1184 2050 quin
1212 1981 1240 2031 et
1266 1973 1323 2031 lias
1348 1972 1495 2046 epistolas

157 2077 190 2119 ⁸²·
200 2075 368 2132 ostenderit.
416 2073 508 2143 (lirum
531 2076 629 2132 Canus
650 2091 668 2131 a
687 2090 762 2133 nora
784 2078 892 2148 turrita
914 2093 959 2134 me
978 2079 1070 2134 literis
1094 2076 1272 2140 consuleret,
1302 2091 1343 2131 aa
1372 2073 1496 2130 deberet

198 2178 373 2234 simultatem
393 2178 539 2233 remittere
562 2175 737 2233 ttaeusnntn
758 2176 811 2234 bac
831 2186 890 2234 tram
905 2180 1052 2251 pranu‘ssa
1065 2177 1220 2250 palinodia
1238 2176 1396 2242 nrnbienti‚
1422 2173 1496 2231 dedi

198 2280 350 2335 crinsitium
379 2284 410 2334 ut
436 2278 535 2335 aalma
557 2276 723 2335 l'lrristinna
751 2281 909 2337 rcrrrittarct
932 2282 1083 2337 iniurium.
1128 2281 1221 2350 diuite
1249 2281 1288 2348 is,
1322 2292 1416 2350 quum
1447 2287 1528 2332 mets

198 2380 423 2437 virulentissime
444 2380 599 2452 impetisset
616 2378 706 2447 leus,
730 2395 822 2437 nrcarn
846 2381 917 2437 milri
933 2383 1084 2439 consitium
1107 2381 1240 2452 inuenit,
1269 2379 1439 2436 adrnoueus
1463 2382 1497 2434 ul

198 2481 278 2553 arrad
297 2482 359 2553 ipse
378 2495 440 2537 rrrea
465 2496 555 2537 suana
574 2478 694 2550 fecisset
718 2484 748 2537 iu
770 2481 963 2551 llaelrstrato‚
990 2499 1068 2538 nuru
1092 2481 1229 2553 sacurem
1256 2483 1287 2537 in
1310 2479 1381 2538 Lea.
1426 2479 1495 2536 boec

155 2587 188 2632 ⁸³·
198 2584 326 2655 epistolis
348 2581 450 2638 doceri
467 2588 598 2655 possunt.
645 2582 738 2650 (beaune
760 2581 906 2640 Buscbius
926 2590 999 2640 esset
1020 2584 1164 2641 rediturus
1184 2597 1273 2654 opus,
1301 2583 1355 2639 cui
1374 2581 1494 2638 titulum

200 2686 284 2741 uertit
305 2684 436 2740 ‘Vallum
455 2682 662 2743 luunanitutr‘s'.
685 2685 826 2741 admonui
842 2684 998 2753 luminum,
1027 2686 1232 2742 moderaretur
1251 2684 1314 2740 stili
1333 2681 1494 2739 acerbita-

197 2794 263 2843 tem.
306 2785 474 2843 irradiantes
495 2789 538 2841 cst
558 2792 586 2841 ct
606 2785 680 2842 liber·
701 2787 808 2857 lepitrn·
834 2787 910 2843 citra
937 2784 1080 2856 asserisarn
1107 2801 1126 2841 a
1154 2785 1255 2842 doctis.
1306 2782 1397 2840 Talia
1422 2789 1528 2854 suntab

197 2902 262 2945 mea
281 2887 406 2944 consilia
429 2901 517 2958 aaran
538 2902 586 2943 ras
608 2867 708 2958 trp'itttr·
729 2888 822 2953 scria,·
849 2903 999 2959 ruirrauurn
1024 2904 1080 2943 nou
1109 2888 1242 2944 lrartutns
1267 2900 1333 2942 suni
1357 2886 1404 2941 ud
1425 2900 1494 2942 rna-

197 2990 359 3045 deratioru,
398 2990 429 3045 iu
449 2989 588 3045 conuiuiis
607 2996 660 3045 aaut
680 2986 965 3058 carrfabulationibus
987 2992 1148 3047 anu'corurn
1170 3004 1267 3059 nuper
1289 2987 1441 3060 quicquid
1461 2989 1493 3044 in

197 3090 319 3148 buccurn
336 3090 425 3158 uenit,
441 3104 520 3161 stapc
535 3088 655 3147 liberius
672 3105 761 3161 quiam
775 3090 911 3162 c.r·pedit:
928 3097 963 3146 ‘et
977 3090 1032 3148 boc
1045 3090 1118 3147 milri
1129 3091 1228 3146 uitium
1243 3097 1287 3146 est
1300 3085 1494 3156 araxirnurn',

154 3197 230 3249 suut
251 3194 293 3249 nit
318 3188 509 3248 Terentianus
536 3192 586 3248 itte
604 3190 760 3248 Parmeno.
807 3189 875 3259 (ruis
904 3200 1000 3247 autem
1029 3208 1086 3248 ntur
1113 3192 1260 3248 existimet
1286 3206 1328 3247 eu
1358 3192 1493 3248 anutium

195 3293 342 3351 bominum
364 3293 508 3349 consortio
530 3290 762 3360 deturbandunr,
794 3294 821 3349 si
846 3308 899 3363 epa
925 3308 1004 3350 anae
1030 3292 1115 3350 rebus
1136 3293 1320 3350 enulccrutis
1342 3285 1494 3365 proferre
1502 3306 1527 3344 rs

195 3396 279 3453 uelim
302 3408 370 3466 quoe
392 3394 483 3450 amici
502 3394 602 3450 tiberis
623 3396 750 3465 epistolis
772 3394 815 3450 nd
838 3410 883 3451 rne
908 3395 1148 3467 perscripserunt
1168 3401 1221 3452 aad
1242 3410 1310 3451 mea
1329 3394 1396 3463 fide
1415 3392 1496 3464 freti

195 3495 280 3570 apud
293 3511 338 3552 me
357 3493 542 3565 effutierant,
564 3496 652 3552 etiam
672 3498 699 3553 si
717 3512 756 3553 en
774 3496 876 3552 apricis
890 3494 970 3565 litcti
981 3502 1076 3552 essent
1093 3491 1226 3551 inimici?
1248 3494 1321 3551 Curn
1339 3494 1494 3552 Ilutteuus

195 3597 277 3656 nabis
298 3603 439 3654 namuret
460 3612 491 3653 se
512 3596 655 3654 indiuissa
676 3597 780 3654 bellurn
795 3595 1037 3657 Bourancasibus.
1057 3596 1198 3667 rapulam
1212 3597 1322 3653 tudens
1342 3598 1421 3669 quid
1431 3595 1493 3667 sa-

152 3707 274 3758 succiet
291 3698 549 3771 predicatoribus.
581 3698 733 3772 respoudit
755 3698 907 3766 arridens,
930 3704 957 3754 et
978 3699 1041 3754 illas
1065 3696 1135 3768 sore
1152 3696 1368 3755 llarrranenses.
1413 3697 1494 3755 lieiu

194 3805 225 3861 in
242 3802 380 3859 conuiuiis
401 3800 524 3857 subinde
546 3799 703 3871 ropabanr,
725 3798 844 3871 quttnda
864 3798 1007 3870 penderet
1021 3797 1222 3855 lluclrstratus.
1258 3800 1422 3872 respondit
1435 3801 1528 3857 leucu

193 3922 224 3964 se
245 3903 326 3961 breui
345 3907 529 3959 curantium.
574 3901 636 3958 Sed
655 3901 719 3958 lroec
741 3900 912 3958 dicebantur
934 3900 978 3956 bis
1000 3900 1135 3968 rutubus,
1157 3907 1189 3956 ut
1208 3915 1294 3958 nenio
1317 3917 1379 3959 nan
1399 3904 1494 3960 irruet-

152 4009 299 4079 utiperu
319 4011 474 4074 utrumque
495 4010 626 4061 nastrum
655 4003 757 4060 iocari.
800 4001 866 4058 Iam
895 4017 962 4057 uera
991 4015 1128 4073 qiuarsum
1154 4002 1257 4058 attinet
1281 4019 1493 4074 enumerare,

191 4125 237 4167 me
258 4107 327 4164 dum
350 4110 437 4178 capta
459 4106 546 4161 rarius
564 4106 710 4176 pralium,
740 4105 835 4177 ipsum
856 4103 885 4157 in
906 4104 1032 4158 omniurn
1062 4102 1160 4157 adinrn
1187 4101 1397 4174 pertralrerc?
1428 4106 1494 4162 Ar-

190 4212 284 4270 bitror·
304 4223 344 4264 eu·
365 4208 436 4264 areis
458 4208 576 4279 scriptis
598 4204 713 4277 aliquid
733 4204 846 4261 laniesti
866 4204 991 4260 nominis
1016 4219 1052 4259 uc
1073 4202 1190 4272 sartoris
1217 4208 1384 4264 tuccessisse
1406 4206 1495 4264 llut-

191 4321 271 4381 terra‚
303 4310 366 4367 adii
391 4324 428 4365 ne
448 4311 554 4366 micam
583 4307 708 4379 atridem.
753 4307 798 4361 An
830 4304 896 4361 idea
926 4305 1002 4360 erant
1029 4305 1060 4359 in
1090 4304 1189 4362 adium
1220 4308 1374 4378 omniurn,
1409 4310 1530 4381 ariade.

152 4429 181 4475 u.
191 4413 373 4473 meminerim
396 4416 523 4482 quatuor
543 4403 756 4481 epistolarum?
787 4412 818 4461 at
837 4422 889 4462 eas
909 4407 969 4461 iarn
994 4406 1170 4476 euulparant
1191 4406 1259 4478 ipsi.
1307 4409 1372 4466 Sed
1390 4413 1497 4483 mearat

191 4533 238 4575 me
256 4516 326 4588 plus
349 4526 438 4584 natam
456 4511 554 4569 liastili
572 4510 670 4566 anima
689 4508 784 4579 tuisse
808 4509 838 4563 in
857 4505 1078 4575 Hacbstraturn,
1111 4513 1139 4562 ct
1162 4509 1260 4577 tinniet
1284 4518 1397 4582 postea
1423 4530 1496 4572 curn

191 4621 243 4677 itta
265 4615 378 4673 redisse
399 4614 429 4669 in
448 4613 595 4685 pralium,
618 4610 692 4682 antid
711 4608 766 4665 bac
788 4608 832 4664 ad
851 4602 1032 4664 Huttcnuru?
1064 4608 1109 4663 Au
1130 4623 1184 4678 epa
1209 4612 1269 4667 tale
1288 4611 1401 4681 fredus
1422 4632 1496 4674 curu

189 4718 318 4777 llutteua
341 4730 469 4786 uuquam
489 4715 544 4772 inii
549 4758 556 4784 ,
579 4713 667 4785 quate
687 4712 779 4768 solent
799 4725 898 4781 rupes,
921 4725 957 4766 nc
977 4723 1043 4766 curn
1065 4724 1209 4780 quoqrnun
1231 4713 1392 4783 arriperem
1409 4720 1499 4775 anri-

226 4918 233 4950 ¹
248 4912 351 4979 omncs]
366 4915 480 4966 Scilicet
493 4915 581 4965 alteru
594 4912 711 4962 alterum
723 4909 872 4970 tutellensi,
887 4913 917 4956 ut
928 4909 985 4956 t'arc
996 4907 1103 4956 solebat
1110 4911 1239 4958 Erasmus
1251 4911 1346 4964 altera
1357 4920 1497 4978 scabere,

192 5001 284 5054 altera
298 5000 388 5050 ferire.
425 5001 445 5032 ¹⁹
458 5001 530 5051 Vati.
539 4997 575 5065 lu]
590 5015 616 5048 u.
626 4996 697 5046 151⁸.
707 4996 817 5046 editum.
858 4990 880 5022 ²³
892 4991 1007 5041 utillud
1020 4992 1085 5040 milri
1098 4990 1157 5057 etc]
1171 4995 1497 5069 'rc=r011t.}iec.1.2‚37.
