3934 6034
413 683 484 755 294
586 699 784 749 cccxxxlu.
800 714 919 747 sponsus
932 712 1036 747 nussia
1051 711 1193 747 unsnnsss
1207 710 1379 745 usunuaisns
1393 710 1525 745 uvssnui.

413 874 498 943 ditm,
532 875 620 945 quasi
648 872 697 930 hie
717 877 791 929 tot-ns
811 878 866 930 stet
892 869 1071 928 oLathero.
1113 869 1158 927 Aa.
1185 870 1233 927 hie
1260 883 1478 927 commemorem
1505 883 1593 942 quom
1617 869 1702 927 malti

412 976 587 1049 scripserint
607 977 637 1032 in
652 970 837 1034 Lnlheruml
860 972 950 1048 Aquod
962 973 1054 1031 Italos
1070 972 1216 1047 Syrunm·
1232 973 1380 1043 lhierias,
1407 970 1532 1030 Titanus
1552 970 1699 1043 Todisens,

411 1077 539 1136 laroltas
561 1078 598 1135 de
631 1078 700 1148 l'io,
735 1076 910 1143 Calatinus·
942 1076 1027 1150 opud
1049 1076 1210 1134 Gerenarios
1231 1074 1339 1133 Eeeius
1360 1082 1389 1133 et
1407 1075 1549 1134 Minorita
1577 1074 1699 1146 quidam

412 1179 586 1254 Lipsiensis,
609 1195 713 1237 nomen
736 1179 862 1251 recidit,
888 1179 1035 1249 Goeleius,
1064 1178 1191 1236 loannes
1212 1178 1309 1236 Faber
1327 1184 1355 1235 et
1376 1177 1587 1244 llochstratas,·
1616 1175 1701 1251 apud

414 1283 515 1341 Gallos
536 1288 594 1340 tola
617 1282 772 1340 academia
795 1282 993 1344 Parisiorum,
1013 1280 1198 1339 lastinianus
1214 1282 1412 1354 demasonus·
1434 1280 1518 1353 aquid
1533 1279 1720 1337 [anartium-⁵

412 1401 457 1443 ses
476 1385 628 1454 Latonas,
660 1384 788 1443 Iottrines
821 1383 1039 1454 Patauitanus,
1073 1384 1245 1442 Eustathias
1274 1384 1492 1452 dominicanus,
1533 1384 1701 1441 Vincentius

413 1488 541 1545 eiusdem
562 1487 693 1551 ordinis:
720 1503 760 1545 en
786 1489 858 1545 anla
881 1487 1053 1545 ulariiunus
1077 1486 1101 1544 T
1100 1488 1219 1546 retiensis
1240 1489 1396 1560 episcopas
1416 1494 1444 1544 et
1458 1484 1612 1545 Rimaelus
1632 1486 1700 1545 Cre-

412 1591 529 1647 sarisa
552 1592 688 1655 seeretis·
719 1589 804 1663 apud
828 1589 938 1662 duplos
960 1606 1018 1647 ren
1047 1592 1122 1663 ipse,
1150 1590 1278 1648 Ioannes
1299 1591 1452 1664 episeopus
1471 1589 1636 1663 Roffensis,
1663 1605 1725 1648 ae·

414 1694 515 1750 tertias
542 1692 662 1765 qnidam
691 1699 749 1749 tam
779 1694 996 1763 etmarulentus,
1027 1697 1059 1749 ut
1080 1694 1138 1766 ipsi
1156 1693 1284 1751 Lathero
1310 1695 1402 1767 possit
1424 1694 1551 1752 medium
1574 1709 1700 1766 unquam

414 1795 582 1862 ostendero·
610 1796 696 1869 apud
717 1794 866 1870 llispanos
894 1793 1017 1852 Stunicn
1044 1802 1073 1852 et
1095 1795 1254 1861 ('araaza‚·
1286 1795 1332 1853 liis
1357 1796 1437 1853 adde
1463 1795 1572 1854 hallam
1595 1796 1701 1855 Leonis
1713 1802 1735 1841 ¹⁰

415 1904 443 1955 el
464 1897 599 1955 (edietum
622 1897 759 1956 Castoris.
795 1899 855 1954 iarn
874 1899 1001 1970 plurimi
1020 1904 1088 1955 sant
1109 1900 1161 1970 qui
1182 1897 1310 1955 rioridum
1339 1898 1507 1957 aediderunt
1532 1916 1601 1968 sua,
1627 1901 1701 1973 plu-

347 2001 495 2058 iturum
514 2000 715 2072 qainondam
737 2000 935 2069 (obsoluerant,
955 2001 1080 2072 plurimi
1098 2016 1169 2072 quius
1191 2017 1245 2072 eqo
1267 2017 1323 2059 non
1346 2004 1421 2059 noni.
1460 2002 1533 2060 Herc
1548 2002 1614 2060 ideo
1629 2007 1701 2059 taa-

416 2108 475 2159 tum
497 2118 647 2173 recenseo,
674 2110 706 2159 at
727 2103 874 2160 declarem
897 2102 1075 2176 hyperbolen
1097 2117 1190 2160 meam
1215 2106 1278 2160 siae
1300 2120 1393 2162 retrusa
1415 2106 1535 2163 irrisam
1563 2105 1601 2163 alt
1620 2104 1702 2163 Hat-

414 2211 488 2263 teuo.
531 2203 625 2261 Porro
646 2202 884 2263 lutheranorum
907 2207 937 2263 ia
959 2221 1005 2262 me
1025 2205 1136 2263 libellos
1155 2206 1230 2264 adeo
1251 2222 1308 2264 non
1331 2213 1439 2276 metuo,
1458 2214 1491 2264 ut
1509 2208 1623 2266 doleam
1642 2223 1700 2265 non

411 2306 548 2381 prodisse
570 2312 638 2365 ante
659 2308 730 2364 treis
752 2322 854 2365 annos.
897 2302 978 2365 *imo
1000 2306 1074 2364 mihi
1093 2323 1304 2381 nonnunquam
1326 2308 1390 2380 suit
1415 2311 1444 2366 ia
1469 2312 1567 2368 animo
1592 2311 1734 2368 sahor-ts

414 2426 490 2468 aare
509 2412 689 2483 quempiam,
723 2412 776 2482 qui
792 2415 970 2482 provocaret
991 2409 1049 2467 huc
1071 2412 1198 2484 aliquem
1220 2413 1375 2482 insipniter
1395 2412 1613 2469 Latheranum:
1647 2429 1702 2470 nee

414 2513 491 2570 enine
510 2512 572 2569 alin
595 2528 643 2568 res
663 2528 709 2570 me
725 2518 843 2585 poterut
863 2512 993 2569 liherare
1015 2513 1144 2571 inuidia:
1164 2529 1234 2571 nam
1257 2513 1427 2572 *lluttenas
1449 2514 1523 2572 nihil
1543 2518 1639 2573 minus
1660 2522 1703 2574 est

414 2629 503 2688 qaam
529 2613 730 2685 Lutheranas,
763 2621 792 2672 et
823 2615 992 2673 huiusmodi
1018 2618 1134 2673 narnias
1157 2615 1286 2673 scrihere
1314 2615 1389 2674 nihil
1418 2618 1513 2674 atinus
1544 2623 1587 2676 est
1612 2634 1701 2691 qaam

414 2716 560 2784 scrihere,·
583 2712 811 2789 *necunquam
833 2722 892 2775 tom
914 2720 992 2776 male
1013 2720 1093 2775 sensi
1117 2718 1154 2775 de
1172 2718 1366 2788 lutheranis,
1388 2725 1420 2775 ut
1441 2721 1613 2793 suspicarer
1634 2722 1703 2778 illo-

414 2834 481 2878 ram
511 2834 677 2892 quenquam
700 2821 773 2877 tales
800 2821 1010 2895 sycophantias
1031 2823 1060 2878 in
1090 2837 1256 2893 quenquam
1282 2823 1354 2879 nelle
1378 2821 1524 2887 scribere;
1555 2838 1611 2880 nee
1643 2823 1704 2896 ipsi
1711 2837 1737 2877 io

416 2920 545 2981 Lathero
559 2925 634 2995 puto
656 2937 701 2979 me
722 2928 782 2979 tarn
800 2939 863 2980 esse
884 2925 1022 2993 inuisum,
1054 2928 1087 2980 ut
1106 2925 1193 2980 tolera
1214 2924 1341 2982 libellam
1363 2925 1392 2981 in
1412 2940 1458 2982 rne
1478 2925 1620 2999 scriptam
1643 2941 1704 2998 ap-

348 3031 415 3080 tans.
424 3024 529 3098 prohat
535 3044 546 3092 ,·
567 3039 736 3097 quarequaat
757 3026 784 3082 si
805 3025 1000 3101 approbaret,
1024 3026 1108 3082 haud
1128 3042 1311 3100 maqnopere
1325 3042 1517 3085 commoveor.
1553 3026 1615 3085 Sed
1632 3026 1703 3085 Me-

417 3130 474 3185 tias
491 3129 607 3185 interim
628 3128 815 3199 conquiesco
839 3131 966 3186 intentas
987 3128 1029 3185 ad
1046 3134 1176 3186 euentum
1198 3128 1279 3199 helii,
1303 3129 1410 3201 diqnus
1430 3130 1482 3202 qui
1500 3129 1651 3188 dilacerer
1669 3129 1705 3188 oh

412 3229 582 3304 perfidiam.
626 3228 661 3287 Si
688 3230 796 3303 diqaus
825 3240 867 3290 est
894 3233 972 3289 malo
999 3233 1051 3304 qui
1075 3233 1135 3288 suis
1160 3231 1310 3290 luliorihus
1337 3246 1446 3304 suoque
1470 3238 1587 3306 sumpta
1608 3232 1707 3290 studet

415 3334 534 3404 utrique
550 3334 635 3405 parti
652 3333 808 3407 prodesse,
835 3350 891 3407 quo
911 3336 1037 3407 praeuio
1057 3334 1164 3407 diquus
1184 3340 1227 3393 est
1248 3336 1300 3407 qai
1321 3336 1382 3392 suis
1404 3334 1570 3392 tumultibus
1591 3351 1739 3407 saaqaeu

415 3436 544 3493 stulticia
569 3428 724 3508 ornantque
744 3442 860 3507 partem
887 3435 984 3507 hedit,
1015 3436 1146 3494 ethnae
1174 3438 1280 3494 iritaas
1302 3452 1390 3510 quarn
1418 3453 1475 3495 aon
1500 3438 1595 3511 possit
1620 3452 1704 3495 eorn-

414 3554 549 3612 peseere,
571 3544 600 3595 et
616 3540 742 3596 alteram
761 3538 874 3595 inuidia
894 3539 1079 3612 depravans,
1103 3541 1159 3597 imo
1174 3541 1347 3611 pronissime
1366 3540 1478 3597 laudern
1495 3554 1561 3597 eam
1580 3541 1630 3597 eui
1645 3538 1704 3611 sa-

348 3647 415 3697 §.ton
427 3657 495 3699 uere
514 3657 545 3698 se
566 3642 670 3712 iactat,
692 3650 720 3700 et
739 3641 893 3700 sublevans
914 3657 979 3700 earn
1003 3645 1087 3701 ertias
1108 3659 1138 3700 se
1160 3645 1316 3716 profitetur
1339 3638 1467 3701 hostem?
1500 3642 1558 3700 Nee
1580 3644 1706 3702 consisto

416 3746 532 3804 interitu
554 3745 679 3816 ociosus,
707 3746 808 3802 atille
831 3744 951 3815 Metius,
979 3745 1034 3802 sed
1050 3748 1178 3819 perenni
1199 3747 1294 3803 studio
1316 3762 1375 3817 qua
1401 3747 1470 3803 lieet
1489 3760 1551 3803 rem
1573 3760 1705 3819 estanar-

414 3852 504 3908 lieum
519 3843 665 3924 proveho.¹
698 3855 832 3921 puqnent
852 3849 984 3916 inuenies,
1007 3864 1062 3920 eqo
1081 3850 1140 3905 iarn
1162 3864 1207 3904 nte
1229 3848 1272 3904 ad
1290 3864 1355 3905 eitra
1379 3848 1454 3906 diem
1476 3864 1631 3921 compono,
1654 3854 1741 3924 quiso

416 3969 461 4010 me
482 3951 552 4009 hine
576 3951 707 4009 evocabit
727 3950 770 4007 ad
796 3950 929 4009 tribunal
952 3949 1072 4020 Christi,
1106 3952 1158 4023 qai
1178 3952 1292 4008 tametsi
1312 3951 1389 4007 nulli
1410 3966 1467 4008 aon
1494 3959 1633 4010 venturus
1654 3960 1705 4024 est,

415 4061 512 4113 tamen
535 4054 608 4111 mihi
626 4070 699 4112 sane
716 4055 825 4128 procul
846 4053 947 4111 abesse
966 4069 1024 4111 aon
1044 4059 1146 4126 potest.
1196 4052 1285 4110 Video
1306 4054 1424 4125 queuntis
1449 4053 1539 4124 odiis,
1567 4057 1706 4127 quantis-

415 4174 471 4231 que
492 4158 630 4215 eonoier'is
656 4173 705 4214 res
733 4158 841 4227 apitur.
889 4155 1098 4228 difficillimam
1120 4165 1162 4212 est
1187 4157 1263 4212 inter
1290 4154 1355 4213 heae
1378 4162 1476 4213 tenere
1500 4160 1707 4230 traniquillita-

414 4262 567 4317 {emiliam
584 4261 678 4317 animi
689 4258 851 4316 Christiani
856 4280 867 4327 ,·
888 4260 957 4317 dam
972 4258 1179 4333 paraphrases
1194 4258 1333 4328 meditor,
1352 4261 1443 4317 sentio
1461 4262 1596 4334 corrtpoai
1613 4268 1708 4319 motas

414 4363 508 4419 animi
528 4363 599 4430 mei,
627 4378 729 4434 meque
750 4363 859 4435 meipso
882 4364 952 4433 peri
973 4363 1130 4419 meliorem.
1172 4367 1200 4419 el
1224 4368 1293 4418 seint
1321 4363 1351 4418 ia
1382 4370 1507 4435 atraque
1531 4370 1621 4437 porte
1654 4367 1741 4437 quius

415 4465 488 4523 mihi
514 4466 632 4538 qratias
659 4469 765 4537 opatu,
795 4467 964 4538 prolitentes
986 4480 1048 4523 sese
1073 4480 1113 4522 en
1135 4464 1181 4521 his
1210 4466 1317 4536 riqiliis
1337 4467 1408 4523 meis
1430 4482 1539 4539 capere
1558 4464 1705 4537 fruetuum.

346 4573 413 4624 §.eon
424 4567 540 4640 fatetur
558 4574 588 4625 et
604 4568 659 4626 hoe
673 4546 833 4639 liutteaus,
854 4567 1016 4641 essequod
1035 4568 1144 4625 maiori
1162 4583 1227 4623 eam
1247 4566 1354 4638 fruteta
1372 4570 1481 4641 possim
1504 4585 1595 4640 apere
1616 4586 1707 4643 qnam

415 4669 622 4679 ———-

480 4700 766 4766 ²'r110111as'rouisc.]
792 4703 944 4764 Rhodinus,
969 4703 1168 4751 domiminum.
1237 4700 1385 4752 ³Iacobns
1406 4704 1438 4751 ilo
1458 4701 1539 4767 Vim?
1567 4704 1707 4754 Thomas?

413 4790 528 4858 ⁴Lips.]
553 4790 722 4855 Augustinus
740 4787 891 4837 Alveldius.
963 4785 1052 4853 Goon]
1072 4789 1130 4836 Ioa.
1150 4787 1306 4850 contutans,
1328 4805 1380 4837 uon
1400 4789 1562 4848 Goclonius,
1588 4796 1619 4838 ut
1638 4790 1709 4840 Stol-

413 4880 471 4928 zius
490 4878 619 4943 opinatus
638 4879 688 4924 ost.
764 4874 822 4922 Ion.
844 4871 944 4938 Faber]
964 4873 1194 4922 Constantionsis.
1280 4874 1290 4903 ⁹
1314 4872 1422 4938 tertius]
1447 4874 1558 4924 'Phonuu
1577 4877 1647 4925 Mori
1666 4894 1709 4927 ro-

412 4964 522 5030 sponsio
549 4962 584 5010 nd
608 4961 736 5010 convicia
760 4960 873 5008 Martini
897 4959 1012 5008 Lnthori
1040 4976 1064 5007 a.
1086 4957 1159 5008 1523.
1189 4961 1293 5023 scripta
1318 4959 1447 5008 Gnilnlnii
1472 4961 1568 5009 llossei
1596 4964 1709 5012 nomine

414 5050 489 5099 edita
509 5053 560 5098 est.
585 5048 654 5096 Eam
673 5044 826 5111 significari
847 5044 881 5093 ub
901 5045 1015 5094 Eunomo
1035 5046 1152 5094 conicio.
1205 5042 1227 5074 ²²
1245 5044 1468 5110 Expost.§.·210.
