3934 6034
394 691 641 742 cccnxxxvnt.
655 706 757 741 aarum
772 706 833 742 nnn.
847 705 884 741 an
897 704 981 740 unsa.
995 704 1185 740 seeeanonrr.
1199 705 1241 739 cn.
1256 690 1301 738 n?
1314 702 1339 737 a.
1356 695 1414 738 toea.
1474 672 1549 746 443

268 876 297 924 tu
319 885 369 941 pro
393 866 480 924 tribus
503 884 646 923 aureorum
670 866 778 922 milibus
801 865 889 922 nolles
912 865 1019 921 subire:
1049 865 1074 920 id
1102 863 1242 921 conunode
1273 882 1331 921 sum
1354 866 1551 939 interpretatus

268 953 314 1008 abs
338 962 364 1009 te
386 954 487 1009 dictum
511 953 669 1026 priusquam
690 953 798 1008 dextras
821 951 1009 1007 iunxissemus.
1047 967 1107 1005 mm
1130 950 1259 1005 atrociter
1280 951 1360 1006 etiam
1382 968 1476 1007 rumor
1491 968 1551 1024 per·

269 1038 336 1093 rasit
359 1045 443 1093 totam
467 1038 635 1094 Germaniam
658 1055 743 1110 usque
766 1038 797 1092 ad
821 1037 1035 1111 bquisgrannm:
1069 1044 1097 1090 et
1123 1035 1175 1091 boe
1202 1036 1316 1090 comiter
1338 1037 1428 1109 accepi
1450 1036 1552 1092 missis·

270 1141 322 1196 que
345 1122 445 1179 litteris
467 1123 506 1179 sic
528 1122 681 1196 compescui
705 1139 856 1184 runmrem.
889 1130 919 1176 ut
942 1131 1017 1178 tuum
1047 1120 1188 1193 negotium
1215 1137 1323 1193 agerem
1351 1121 1444 1196 potius
1471 1138 1551 1194 quarn

244 1222 367 1264 ameum.
404 1208 499 1264 deiude
523 1207 590 1263 tales
612 1225 643 1263 ae
664 1216 718 1263 tam
741 1207 818 1263 multi
842 1205 994 1263 retulerunt
1017 1223 1094 1262 voees
1118 1213 1177 1260 tuas
1199 1204 1261 1278 plus
1282 1222 1360 1279 quam
1377 1205 1498 1269 bostiles,
1523 1213 1552 1261 ut

271 1293 311 1348 vin
334 1292 469 1367 potuerim
494 1292 533 1350 vel
556 1293 678 1348 dilbdere
700 1292 891 1349 nunciantibus
913 1290 954 1347 vel
977 1292 1003 1346 in
1027 1291 1124 1346 bonam
1148 1298 1252 1363 partem
1275 1290 1448 1364 interpretari
1479 1291 1552 1366 quod

271 1378 443 1434 nunciabant.
488 1379 606 1434 nondum
630 1387 718 1433 tumen
741 1377 820 1433 libuit
843 1394 901 1433 eam
924 1377 1127 1450 persuasionem
1150 1374 1259 1449 penitus
1280 1375 1423 1431 demittere
1447 1376 1473 1432 in
1496 1376 1552 1432 ani·

270 1481 342 1519 mum
365 1481 466 1523 mermi.
498 1481 584 1537 nequa
608 1481 657 1536 per
679 1481 720 1518 me
743 1470 829 1518 staret
852 1462 996 1536 quominus
1019 1470 1140 1516 rrraneret
1162 1468 1234 1515 sarta
1257 1461 1357 1532 gratia.
1387 1479 1417 1516 ac
1439 1479 1552 1535 promus

271 1557 337 1622 opto
361 1566 420 1604 esse
444 1566 508 1603 rana
532 1547 621 1604 omnia
645 1566 705 1622 quae
727 1548 792 1603 mibi
815 1547 898 1603 relata
923 1556 994 1601 sum.
1038 1545 1106 1601 lllud
1135 1546 1233 1619 opinor
1261 1563 1315 1601 uon
1344 1546 1504 1602 inliciuberis
1527 1556 1553 1601 te

240 1634 424 1689 todesirlerare
448 1634 473 1688 iu
497 1651 539 1688 me
562 1633 640 1688 iidem
663 1633 770 1706 quidem
793 1633 838 1705 qui
861 1633 990 1688 hactenus
1013 1648 1067 1686 aron
1087 1630 1222 1687 emiserim
1244 1629 1364 1686 libellum
1380 1648 1458 1704 quem
1475 1641 1554 1706 pacto

273 1719 371 1792 recepi.
416 1719 490 1791 atqui
518 1719 569 1774 scit
598 1727 642 1773 tua
670 1718 812 1791 prudentia
844 1735 897 1772 non
926 1725 980 1772 tarn
1010 1716 1085 1772 facile
1113 1716 1186 1771 nasci
1216 1733 1300 1771 ituros
1329 1715 1429 1777 libros,
1467 1734 1553 1789 neque

272 1804 360 1858 urescit
382 1821 436 1859 non
460 1803 601 1877 quodlibet
623 1811 813 1875 argumentum
837 1801 885 1857 tibi
906 1819 1068 1874 congruere.
1107 1800 1172 1856 illud
1195 1809 1283 1857 autem
1307 1802 1349 1857 bic
1372 1819 1450 1857 neruo
1469 1802 1555 1857 nescit

273 1906 315 1944 me
338 1889 364 1943 in
386 1888 551 1960 castigandis
573 1888 726 1961 Augustino
756 1896 784 1943 et
806 1888 906 1943 Seneca
934 1888 1088 1960 ceterisque
1117 1904 1177 1959 quae
1204 1895 1268 1941 sunt
1295 1887 1322 1941 in
1351 1886 1487 1949 manibus,
1516 1887 1555 1943 sio

274 1974 353 2029 obrui
377 1972 527 2034 laboribus,
557 1981 587 2028 ut
609 1973 686 2029 :imici
709 1991 751 2028 me
777 1972 892 2029 clament
922 1990 981 2028 esse
1010 1971 1177 2045 parricidam.
1214 1972 1309 2027 deinde
1337 1971 1387 2026 iarn
1417 1972 1556 2045 quaternis

242 2058 373 2114 solideris
396 2059 561 2131 elllagitatur
583 2076 597 2113 a
619 2076 662 2113 me
683 2066 714 2113 ut
743 2058 813 2114 sicut
841 2058 942 2130 reginae
963 2056 1068 2127 Angliur
1098 2056 1195 2130 scripsi
1219 2057 1404 2112 ‘Cluistianam
1427 2057 1554 2119 irrorent,

273 2145 310 2199 ita
338 2143 441 2204 blaciae.
475 2144 588 2199 Casanis
622 2160 770 2217 germanae.
804 2144 937 2217 quondum
967 2142 1110 2214 lluugaritc
1139 2142 1253 2214 reginae.
1288 2141 1402 2198 scribam
1437 2142 1555 2197 ‘llitluam

273 2229 470 2284 Cbristiananr'.
514 2229 580 2284 adde
604 2228 676 2302 quod
699 2228 764 2284 mibi
786 2246 845 2285 cum
870 2235 910 2284 tot
933 2227 1064 2283 monstris
1087 2226 1278 2300 theologorum
1306 2245 1336 2283 ao
1364 2227 1556 2284 monachorum

274 2315 337 2386 iuge
359 2332 389 2368 ac
412 2313 526 2387 capitale
548 2312 648 2371 bellurn
672 2322 729 2369 est:
759 2314 822 2387 quid
845 2312 955 2368 multis?
984 2313 1007 2367 si
1030 2322 1072 2368 ter
1094 2313 1179 2368 trater
1207 2330 1295 2374 esses,
1323 2329 1378 2366 nou
1406 2312 1556 2384 potuissem

274 2399 403 2454 buetenns
426 2397 475 2453 tibi
498 2398 671 2460 satisfacere;
694 2399 791 2471 quodsi
813 2398 949 2459 licuisset,
974 2414 1028 2453 non
1052 2397 1147 2453 luisset
1171 2414 1239 2471 opus
1269 2396 1325 2452 ullo
1352 2397 1502 2460 monitore;
1530 2398 1556 2452 id

241 2492 320 2539 rosat
342 2484 432 2556 arguit
455 2483 527 2557 quod
550 2484 577 2537 in
599 2483 698 2539 ceteris
721 2492 748 2538 et
771 2482 832 2557 pbm
861 2482 952 2539 debito
982 2483 1097 2555 praestiti
1126 2491 1153 2538 et
1178 2491 1240 2538 ante
1271 2490 1385 2556 tempus.
1428 2483 1481 2538 lam
1504 2482 1557 2538 scis

275 2569 337 2624 buic
360 2569 398 2623 rei
422 2567 526 2624 nullum
550 2569 633 2624 luisse
655 2569 844 2643 praescriptum
869 2576 988 2641 tempus,
1017 2575 1044 2623 et
1071 2567 1204 2623 adiectum
1234 2569 1284 2623 luit
1312 2568 1343 2623 ‘si
1365 2568 1558 2642 comperissem

277 2662 302 2709 te
326 2670 358 2708 es
381 2653 470 2709 animo
493 2654 593 2709 laetum
616 2654 748 2719 amicum!
782 2654 877 2727 quodsi
901 2670 1093 2726 prorogassem
1108 2671 1187 2726 aequo
1203 2653 1324 2727 longius,
1347 2653 1558 2709 admonitionem

276 2739 400 2811 oportuit
421 2740 575 2813 praecedere
598 2739 756 2813 priusquam
779 2739 810 2794 ad
834 2739 919 2794 minas
941 2747 987 2793 aut
1010 2738 1130 2794 inimicas
1153 2756 1232 2795 roces
1261 2739 1410 2800 veniretur,
1439 2747 1467 2795 et
1488 2737 1559 2794 arbi·

276 2833 382 2879 trorum
405 2833 463 2880 erat
485 2824 555 2880 diem
578 2823 729 2898 praefigere.
774 2832 801 2879 at
830 2831 940 2879 narrant
971 2832 997 2879 te
1026 2841 1128 2879 meeum
1158 2841 1207 2897 per
1234 2823 1340 2880 litteras
1362 2824 1492 2879 acerrime
1515 2841 1559 2878 es·

242 2925 266 2963 sa
276 2907 430 2983 postulasse
453 2909 486 2965 de
509 2908 635 2983 pertidia,
659 2927 741 2982 (quum
765 2910 796 2965 ad
819 2926 861 2964 me
885 2908 957 2964 nulla
981 2909 1016 2964 sit
1038 2907 1141 2982 perlata
1164 2908 1275 2982 syllaba.
1321 2908 1366 2964 ubi
1394 2908 1470 2965 locus
1498 2926 1560 2982 per·

276 2993 359 3056 delire,
394 2994 439 3049 ubi
462 2994 565 3050 nullum
588 2994 776 3068 prescribitur
799 2995 923 3068 tempus?
955 2994 1007 3049 etsi
1030 2994 1220 3067 praescriptum
1243 2995 1353 3056 luisset,
1388 3011 1442 3049 non
1467 2993 1558 3050 statim

276 3080 411 3135 ostentio
434 3078 566 3153 perfidiae.
590 3079 634 3134 ubi
658 3097 713 3134 non
736 3088 882 3153 praestatur
903 3079 1081 3153 promissum:
1105 3078 1225 3151 alioquin
1248 3080 1356 3152 quoties
1378 3078 1486 3135 debitor
1506 3096 1559 3135 non

276 3173 401 3219 numerat
423 3165 562 3237 pecuniam
585 3165 618 3219 ad
639 3164 710 3219 diem
732 3165 925 3227 constitutum,
948 3163 1060 3219 deberet
1082 3165 1200 3220 aeetrsari
1223 3163 1355 3237 perfidiae:
1386 3165 1458 3238 quod
1481 3181 1560 3238 quam

277 3249 312 3304 sit
335 3249 479 3306 absurdum
503 3268 581 3305 nemo
605 3257 631 3305 te
654 3248 750 3305 urelius
773 3250 855 3305 erosit.
893 3257 1025 3322 practerea
1047 3257 1203 3304 contractus
1226 3249 1258 3304 ad
1280 3249 1350 3305 diem
1371 3249 1560 3323 praescriptum

242 3353 267 3391 aa
277 3335 373 3409 recipit
396 3335 610 3396 exerrsationem.
646 3342 675 3389 ut
704 3334 827 3391 inciderit
855 3333 967 3389 morbus
996 3342 1042 3389 aut
1071 3332 1121 3389 alia
1150 3334 1312 3390 necessitas:
1346 3335 1401 3391 baec
1423 3335 1560 3391 excusatio

276 3420 363 3493 magis
387 3418 474 3476 ralere
496 3419 576 3476 debet
599 3419 645 3474 ubi
669 3418 759 3475 nullus
788 3427 829 3475 est
860 3419 1032 3493 praestitutus
1054 3419 1119 3473 dies.
1164 3419 1217 3475 lam
1244 3420 1278 3475 de
1306 3419 1442 3477 declarato
1471 3420 1560 3475 animo

277 3514 325 3560 tuo
347 3505 434 3579 deque
456 3503 610 3560 conditione
633 3504 760 3578 promissi
783 3504 849 3559 nibil
873 3504 1028 3565 causificor,
1053 3522 1085 3559 ne
1109 3504 1198 3560 virlenr
1220 3521 1333 3577 usquam
1355 3505 1475 3560 defuisse
1497 3522 1561 3560 cou-

276 3590 393 3651 cordiae;
422 3589 553 3645 babebam
576 3590 603 3644 iu
627 3590 715 3644 antimo
738 3590 815 3663 siqua
838 3606 946 3663 possem
973 3589 1016 3644 bis
1044 3590 1170 3645 nundinis
1199 3590 1355 3645 satisfacere
1385 3589 1485 3664 pactis:
1514 3590 1560 3645 sed

277 3674 300 3730 si
323 3692 384 3729 rera
407 3684 470 3729 sunt
493 3692 553 3747 qum
577 3682 722 3730 narrantur
744 3693 758 3730 a
782 3683 835 3731 tam
858 3674 966 3736 multis,
995 3674 1086 3729 nescio
1109 3675 1173 3748 quid
1197 3674 1261 3729 mibi
1284 3674 1320 3730 sit
1346 3675 1509 3730 laciendum:
1538 3675 1561 3730 si

241 3759 395 3817 monimum
418 3758 545 3815 hostilem
568 3760 620 3815 ium
643 3759 729 3832 palam
756 3759 913 3820 declarasti,
948 3759 1012 3832 quid
1040 3760 1129 3815 dicent
1158 3761 1180 3814 si
1209 3759 1278 3815 liber
1306 3759 1454 3833 prodierit?
1489 3760 1562 3833 quid.

277 3844 329 3899 nisi
353 3852 398 3900 aut
423 3853 448 3900 te
472 3853 576 3900 tautum
599 3844 774 3918 improbitate
797 3844 911 3900 valuisse
935 3851 965 3899 ut
986 3843 1038 3899 lum
1061 3844 1184 3917 adegeris
1207 3843 1360 3906 Erasmum.
1384 3853 1430 3901 aut
1450 3854 1563 3902 metam

278 3928 400 3984 timidum
423 3947 482 3985 esse
504 3938 535 3985 ut
557 3927 701 3985 cuiuslibet
725 3930 854 4004 imperata
877 3928 988 3985 larium?
1011 3928 1090 3984 Vides
1113 3929 1212 4003 opinor
1233 3946 1290 3986 eam
1314 3946 1369 3986 rem
1393 3930 1502 4004 utrique
1518 3948 1563 4004 pn·

278 4014 346 4070 riter
359 4014 551 4071 dedecorosum
567 4016 700 4070 futuram:
724 4023 751 4070 at
767 4024 874 4088 pactum
890 4014 983 4076 babet.
1008 4022 1038 4069 ut
1060 4015 1199 4087 negotium
1215 4023 1283 4070 citra
1298 4013 1455 4071 alterutrius
1471 4024 1562 4071 notam

278 4099 483 4172 transigeretur.
528 4099 729 4155 lllustrissimus
751 4100 804 4155 dux
827 4099 960 4172 Georgius
983 4108 1062 4173 putat
1084 4100 1155 4155 iuter
1177 4116 1228 4155 nos
1250 4117 1379 4156 summam
1408 4117 1469 4156 esse
1499 4118 1563 4156 con·

241 4184 411 4240 socordiam:
442 4185 467 4239 id
490 4186 522 4240 ad
546 4202 587 4241 me
609 4184 719 4258 scripsit
741 4185 849 4258 ‹prudom
873 4183 910 4239 illi
935 4184 1059 4239 intimus:
1089 4185 1160 4258 qund
1190 4184 1297 4258 quidem
1325 4184 1371 4240 ille
1398 4193 1475 4259 putat
1503 4203 1564 4242 esse

345 4451 352 4484 ¹
372 4453 493 4503 millibus
513 4457 587 4503 1...3.
604 4454 652 4503 red
669 4452 790 4502 Erusmrm
808 4459 877 4502 reete
895 4452 981 4501 milib.
1000 4453 1114 4502 seribere
1131 4453 1236 4502 solebat.
1272 4449 1405 4502 ²dextris
1425 4458 1449 4503 t.
1494 4453 1563 4504 ³to-

277 4546 333 4587 tam
347 4537 436 4587 Germ.
458 4556 473 4588 a
492 4539 605 4588 Bouilea
626 4553 711 4602 usquo
735 4538 769 4588 ed
788 4538 1002 4603 Aquisgrununr!
1033 4539 1095 4603 lpse
1119 4538 1249 4586 Ercsnrus
1273 4553 1326 4586 non
1350 4542 1435 4588 totam
1455 4540 1564 4604 quidem

277 4623 466 4686 Uetuloniam,
487 4624 536 4673 sed
554 4622 652 4673 multos
670 4629 762 4672 tamen
781 4639 892 4688 quorum
909 4623 1031 4672 sororem
1046 4623 1176 4684 ambiret,
1186 4623 1259 4671 'istis
1272 4624 1425 4672 miinoribus
1438 4639 1504 4689 quos
1517 4624 1563 4673 de·

277 4707 386 4757 latoriis
404 4710 460 4758 suis
480 4708 781 4774 epistulisspnrgebut,
802 4708 970 4771 expleverat.
1040 4705 1112 4771 ²⁹te]
1140 4708 1157 4755 i.
1178 4725 1201 4756 e.
1220 4708 1356 4771 obserato,
1380 4710 1426 4774 qui
1445 4710 1564 4758 enisurum

278 4792 372 4843 debes.
402 4793 625 4843 Ernsmieabaee
645 4793 711 4842 fides
731 4799 819 4842 estet
843 4794 999 4842 concordia.
1051 4792 1073 4824 ³⁸
1092 4793 1251 4843 faciundum
1271 4797 1296 4846 3.
1353 4792 1375 4825 '⁸
1393 4794 1519 4859 adegerit
1538 4798 1563 4844 3.

277 4876 299 4908 ³⁸
318 4878 495 4929 dedecorsam
516 4882 539 4928 1.
559 4879 639 4926 llunc
658 4883 823 4927 venenatum
842 4878 997 4928 stellionem
1017 4878 1089 4927 bona
1109 4878 1161 4927 fide
1179 4880 1364 4942 praestiturum
1383 4880 1409 4928 id
1428 4880 1498 4944 quod
1516 4880 1563 4930 dn·

279 4969 387 5013 moetus
406 4971 480 5025 eret,
500 4965 602 5013 frustra
616 4964 676 5026 quis
690 4965 903 5029 exspectaverit.
937 4964 1039 5027 ubique
1052 4963 1149 5012 rimam
1162 4962 1360 5028 latibulumque
1374 4964 1555 5029 investigabit

277 5048 326 5097 ubi
346 5049 447 5099 aitaris
466 5049 619 5114 logicaeque
639 5048 746 5113 legibus
764 5064 825 5098 sese
845 5049 984 5098 recondat.
