3934 6034
319 630 392 701 328
428 645 641 695 cccxxxun.
664 660 851 694 uurssrsnsu
866 660 1226 695 enorisrrssonnsnssn1
1242 662 1381 696 srascssu
1395 660 1560 696 assensere.

320 821 429 894 Alioqui
453 821 545 876 fraude
568 830 594 875 et
618 821 749 877 industria
772 820 927 895 imponendi
951 821 1049 876 laetum
1074 820 1139 875 nihil
1163 830 1219 883 est,
1243 829 1270 876 et
1292 822 1314 876 si
1337 820 1437 895 aliquid
1460 830 1516 884 est.
1539 821 1608 877 llut-

321 917 383 964 teao
407 907 505 962 lactum
528 916 570 961 est
592 906 668 962 elam.

385 987 471 1068 [itt]
525 1009 574 1048 aa.
607 992 765 1063 Respondit
795 994 885 1063 paeto
919 994 1014 1047 mitius
1047 994 1103 1046 iam
1135 994 1262 1047 extincto
1292 993 1449 1048 Francisca
1481 991 1606 1048 Siclrina.

321 1095 371 1135 or.
396 1077 438 1133 Sic
461 1077 576 1133 liberum
599 1085 641 1132 est
664 1077 711 1132 tibi
741 1077 867 1151 quiequid
897 1078 923 1133 in
952 1077 1061 1134 buccam
1090 1078 1194 1133 venerit
1222 1077 1367 1151 suspicari.
1398 1078 1530 1139 iudicare.
1558 1095 1608 1134 uu·

320 1164 392 1238 gari:
416 1180 475 1219 uam
498 1163 530 1219 de
553 1163 720 1236 Sieeingiauo
745 1163 844 1218 stedine
867 1163 930 1236 (prid
953 1172 1008 1224 est.
1036 1162 1107 1235 quod
1132 1161 1179 1217 tibi
1202 1171 1370 1236 compertum
1393 1181 1454 1219 esse
1475 1162 1583 1237 possiti
1614 1172 1627 1210 6

384 1243 471 1324 [aaa]
517 1265 565 1303 sn.
591 1248 649 1304 Sed
669 1249 714 1303 liic
736 1264 906 1320 conpressas
925 1256 1154 1319 permanaturam
1169 1256 1233 1303 erat
1248 1249 1367 1304 Romam
1384 1251 1424 1304 ad
1435 1250 1606 1319 pontificem,

320 1338 349 1390 iu
373 1334 544 1403 Hispaniam
567 1336 606 1389 ad
628 1334 784 1400 Caesarem,
808 1335 847 1388 att
868 1334 1074 1400 Brabaatiam,
1104 1335 1152 1389 abi
1179 1341 1312 1389 strenuas
1334 1334 1423 1390 babeo
1445 1334 1607 1405 sycophan-

321 1429 379 1482 tas,
402 1421 430 1474 ia
454 1419 598 1491 dimitam,
627 1419 691 1487 labi
712 1437 768 1474 rtau
790 1420 939 1491 deficiunt]
961 1422 1011 1491 qui
1032 1435 1074 1473 me
1098 1421 1231 1475 aalertlem
1254 1421 1393 1475 nolentem
1413 1419 1528 1490 faciunt
1551 1420 1608 1474 La·

321 1506 481 1562 tberauttm.
549 1522 598 1560 or.
622 1503 721 1560 Nullibi
738 1522 801 1560 sero
816 1514 874 1559 erat
890 1513 1110 1578 peruianaturus,
1134 1506 1156 1560 si
1173 1514 1337 1578 purpuratus
1354 1505 1486 1579 quispiam
1504 1504 1606 1559 Tlrraso

321 1590 437 1664 petisset
459 1589 608 1664 alloquium
631 1589 669 1644 vel
694 1597 855 1663 personatus
877 1591 1036 1664 episeopus;
1067 1590 1118 1645 luis
1141 1590 1235 1663 utique
1258 1591 1467 1653 assurrexisses,
1491 1590 1540 1645 lras
1563 1597 1641 1645 ex-tt

320 1675 453 1749 cepisses.
477 1674 638 1737 salutasses‚
669 1674 872 1731 intromisisses.
916 1675 991 1731 Nunc
1013 1685 1102 1731 alitem
1125 1674 1190 1730 uiuit
1213 1676 1338 1731 etrnreuit
1361 1675 1409 1731 tibi
1430 1693 1490 1730 euru
1515 1693 1607 1748 pccca-

323 1760 429 1816 toribus
457 1769 485 1815 et
506 1760 667 1816 lutheranis
696 1760 839 1816 luereticis.
885 1759 935 1815 Sed
960 1760 1022 1835 quid
1048 1761 1203 1816 tantundem
1227 1761 1336 1816 llounuu
1360 1759 1473 1816 timebas
1495 1758 1608 1834 llaliylo·

322 1863 382 1901 nem
406 1846 498 1902 illam?

386 1924 472 2008 [aab]
517 1947 566 1986 mn.
596 1932 671 1986 Erat
697 1948 806 2003 maante
833 1932 1034 1994 brtmanitatis,
1060 1931 1172 2003 fateor,
1201 1932 1277 2002 qaod
1302 1931 1458 1986 Haliartum
1487 1932 1608 1986 admise-

322 2024 404 2083 runt,
434 2018 485 2071 sed
510 2018 640 2083 iunioris,
669 2019 746 2087 qaod
765 2019 941 2072 dimiserant.
1010 2033 1059 2072 or.
1093 2017 1119 2071 Si
1143 2015 1303 2071 Erasiniame
1333 2016 1448 2071 luissent
1470 2016 1643 2089 Spongiam

323 2119 376 2157 uim
399 2102 578 2159 dimisissent:
607 2102 654 2157 sed
676 2101 757 2174 lorrgc
780 2101 829 2158 alia
853 2110 895 2157 est
917 2103 1014 2158 iruieta
1037 2118 1143 2175 semper
1165 2101 1346 2157 llelsetiorum
1369 2119 1451 2174 gens.
1475 2119 1555 2175 equam
1580 2109 1607 2156 ut

324 2204 374 2260 pro
397 2186 584 2259 perlidissimis
606 2187 720 2260 papistis
744 2188 901 2260 sauguinem
925 2188 1012 2242 tradat
1034 2187 1217 2242 iunoeeutum.

386 2265 473 2348 {bt-b]
518 2288 567 2326 en.
597 2271 706 2327 Utinam
730 2280 823 2328 autem
849 2272 992 2327 Hrttteaas
1014 2274 1055 2327 sie
1077 2287 1107 2326 se
1128 2280 1254 2343 pareret,
1285 2279 1314 2326 at
1343 2272 1480 2327 bonoram
1509 2271 1608 2325 bama·

323 2359 409 2412 riitote
427 2364 570 2428 perpetua
589 2366 686 2427 posset
710 2359 757 2412 ati.
825 2373 874 2413 or.
898 2358 1037 2430 Nunquam
1061 2363 1102 2411 est
1125 2355 1239 2414 abusus:
1263 2365 1292 2411 ut
1308 2374 1370 2412 sero
1386 2364 1519 2430 perpetuo
1536 2357 1609 2412 irue-

323 2449 413 2502 retur‚
437 2459 524 2516 neque
548 2442 633 2497 risum
655 2451 695 2498 est
711 2442 878 2503 corrsultum,
902 2460 990 2515 neque
1006 2442 1201 2497 Christianum:
1225 2458 1284 2496 riam
1301 2442 1469 2514 quorundam
1485 2442 1644 2497 doctrinam

323 2536 350 2582 et
374 2527 425 2580 sita
448 2545 508 2582 eum
531 2527 670 2600 evangelio
694 2527 864 2601 pugnabant.
888 2546 902 2583 a
926 2528 1023 2600 quibus
1046 2525 1202 2599 expediebat
1225 2527 1360 2599 separari;
1383 2544 1470 2600 neque
1494 2526 1611 2583 amicitia

321 2620 377 2674 est,
402 2611 448 2666 sed
471 2611 621 2672 simulatio,
645 2629 705 2685 quas
726 2630 787 2668 cuni
809 2612 948 2686 evaugelio
971 2630 1025 2669 ison
1048 2621 1089 2667 est
1111 2612 1262 2667 coniuncta.

388 2692 473 2772 [aaa]
519 2713 568 2752 su.
593 2697 650 2752 Sed
670 2699 690 2751 ii
711 2700 761 2768 qai
779 2699 981 2768 permittebant
1006 2698 1173 2768 hospitium,
1204 2698 1406 2764 artriraoebaut,
1436 2703 1611 2767 temperaret

324 2802 342 2837 a
366 2782 469 2847 verbis,
501 2784 575 2837 attede
604 2785 739 2838 tatmaitas
765 2785 875 2855 aliquid
896 2785 977 2837 irasci
995 2789 1099 2853 posset.
1168 2798 1218 2836 or.
1243 2781 1298 2838 lloc
1320 2782 1420 2856 aliisqui
1444 2791 1502 2838 erat
1525 2783 1611 2839 lactu·

325 2886 384 2927 rus,
410 2868 514 2923 etiarnsi
537 2885 591 2923 non
614 2867 833 2924 admonuissent:
867 2887 927 2923 uam
950 2877 1087 2940 uteunque
1110 2876 1186 2922 atros
1210 2875 1265 2922 erait
1291 2868 1316 2922 iu
1340 2866 1416 2928 stilo,
1447 2867 1472 2923 in
1496 2867 1647 2923 latialia-as

308 2952 398 3010 ribus
429 2952 574 3027 colloquiis
601 2953 641 3007 rix
671 2954 813 3027 quisquam
842 2953 889 3008 illo
921 2954 971 3008 luit
1001 2953 1157 3014 lausaniae,
1191 2960 1221 3007 ut
1249 2952 1363 3007 dixisses
1392 2970 1445 3007 uon
1474 2971 1535 3008 esse
1564 2953 1610 3026 qui

325 3038 485 3112 scripserat:
520 3045 654 3093 testantur
677 3039 728 3094 lioe
750 3048 777 3094 et
800 3038 838 3093 illi
863 3039 907 3112 qui
931 3038 1103 3112 undiquaque
1126 3056 1157 3092 es
1180 3037 1275 3092 alienis
1305 3037 1384 3092 terris
1414 3037 1445 3093 ml
1468 3055 1498 3093 se
1521 3039 1612 3095 siden·

324 3123 386 3178 dum
409 3123 630 3195 conimigralraut.

390 3203 474 3283 [asu]
519 3225 568 3265 es.
600 3210 674 3275 (laid
695 3210 747 3265 bor
769 3211 808 3264 ad
829 3225 872 3264 me
893 3210 943 3279 qui
965 3213 1014 3264 oia·
1035 3210 1156 3262 subsisto
1179 3210 1318 3263 adversas
1340 3210 1494 3264 iam'diom?
1560 3225 1611 3263 or.

326 3293 376 3347 Sed
399 3311 431 3348 au
456 3311 509 3348 urm
533 3293 598 3349 satis
621 3293 745 3349 subsistit
774 3301 801 3347 ot
831 3303 928 3367 potrus
956 3304 996 3348 ost
1020 3294 1065 3367 qui
1089 3302 1130 3348 est
1152 3292 1339 3347 tlluistiauusl
1370 3301 1397 3347 ct
1419 3292 1442 3347 si
1465 3301 1646 3367 tantopereao

327 3378 455 3435 irmoreus
479 3398 507 3434 es
529 3379 562 3433 ab
584 3378 735 3434 Ltitlrerana
760 3379 889 3441 laetioue,
914 3379 977 3452 qiud
1003 3379 1080 3433 tiruos
1097 3395 1130 3433 ue
1152 3376 1249 3433 colum
1273 3382 1350 3433 ruat?
1386 3378 1548 3434 Tutissimus
1571 3388 1614 3433 est

267 3524 271 3532 ⁵
327 3481 406 3535 qirtuu
430 3464 582 3519 innocentia
607 3472 706 3519 tuetur.

392 3542 476 3624 [aaa]
522 3566 571 3604 au.
600 3548 761 3604 Cardimtlis
784 3549 963 3620 dlopaatiaas
990 3550 1045 3603 iam
1071 3550 1183 3618 pridem
1216 3548 1371 3602 Hirtianam
1396 3547 1546 3618 esamitia
1569 3550 1613 3604 di-

326 3635 443 3690 miserit.
509 3650 559 3689 or.
589 3634 735 3690 tlardiualis
765 3634 823 3695 ille,
855 3634 1031 3707 qualisqualis
1060 3641 1115 3695 est,
1147 3650 1234 3706 neque
1263 3633 1355 3694 eiecit.
1384 3650 1471 3706 aerque
1494 3632 1614 3689 libenter

326 3719 428 3775 dimisit
450 3737 464 3773 a
487 3738 531 3780 se:
566 3719 699 3775 subtraxit
721 3728 810 3775 utitem
833 3719 905 3775 ultro
929 3737 958 3774 se
981 3737 1012 3775 es
1035 3718 1107 3779 ailla.
1131 3736 1189 3773 curri
1215 3719 1264 3772 ianr
1289 3726 1370 3773 tantm
1393 3725 1484 3774 esseut
1507 3718 1648 3780 insidiaess

327 3824 340 3860 a
364 3805 591 3864 Rornanensilms,
623 3814 651 3860 ut
683 3814 742 3860 tuto
771 3806 869 3860 versari
899 3822 951 3859 uon
980 3813 1088 3877 posset.
1117 3821 1277 3877 quamquam
1301 3820 1333 3857 ue
1357 3803 1412 3858 laer
1440 3821 1548 3876 quoque
1572 3811 1614 3858 est

328 3892 412 3964 prima
435 3909 543 3953 caussa:
577 3890 623 3946 sed
647 3891 773 3963 quonium
797 3890 902 3945 solebat
924 3907 1016 3944 arcere
1040 3888 1078 3944 illi
1100 3887 1229 3944 calamum
1252 3888 1409 3949 cardinalis.
1434 3907 1466 3943 ue
1482 3888 1615 3944 scriberet

327 3976 543 4037 incitatissima,
573 3992 627 4031 noir
651 3994 746 4049 passus
769 3985 810 4030 est
832 3976 948 4030 aulirnere
976 3974 1027 4028 sibi
1055 3975 1121 4029 hanc
1145 3973 1285 4029 licentiam.
1330 3971 1435 4029 Interea
1460 3983 1548 4029 taiueu
1572 3991 1614 4028 re·

329 4070 439 4117 iocatus
462 4069 504 4116 est
526 4079 576 4135 per
597 4060 703 4121 literas,
729 4078 781 4116 nou
806 4059 902 4121 seurel‚
927 4060 1014 4132 iisque
1038 4077 1117 4115 nramu
1140 4058 1260 4132 episcopi
1284 4057 1402 4132 seriptis.
1442 4058 1517 4114 solus
1541 4059 1612 4114 euim

327 4155 385 4203 erat
408 4147 452 4220 qui
476 4146 590 4203 audebat
612 4146 696 4202 libere
719 4148 862 4202 :ulumnere
884 4144 1049 4219 rqiisriqmm.
1623 4164 1649 4204 m

392 4228 419 4308 [s
430 4226 477 4307 36]
522 4249 571 4287 au.
600 4234 778 4287 Franciscus
806 4230 954 4286 Siebeuius
982 4247 1038 4301 qao
1065 4231 1180 4284 eoositia
1203 4231 1306 4284 dimisit
1329 4228 1487 4284 Hattenum
1516 4230 1551 4283 ab
1573 4244 1613 4296 se,

328 4319 385 4372 nisi
404 4320 471 4388 qaia
495 4318 600 4372 aitatmt
622 4319 773 4372 irraidiam?
839 4331 888 4369 or.
918 4314 994 4381 Quod
1022 4333 1110 4387 neque
1138 4315 1173 4369 ob
1201 4314 1325 4369 insidiam
1347 4314 1495 4375 dimiserit,
1525 4332 1614 4388 neque

329 4420 445 4476 unquam
469 4401 538 4457 malo
561 4402 650 4457 auimo
675 4402 756 4456 leserit
779 4402 805 4455 iu
829 4400 989 4458 lluttermm.
1015 4409 1098 4455 testes
1121 4399 1228 4473 appello
1251 4399 1324 4454 illius
1347 4399 1509 4473 stiperstites
1533 4399 1613 4455 lilios.

329 4488 424 4560 rpiodsi
448 4505 517 4543 num
541 4488 640 4542 vireret
663 4486 855 4557 integerrimum
878 4485 929 4547 sir,
954 4494 1095 4556 resugeret
1119 4493 1146 4540 et
1168 4485 1283 4557 ipsemet
1305 4485 1356 4540 liae
1372 4485 1398 4539 iu
1414 4484 1537 4558 iugulum
1555 4484 1613 4540 tibi.

328 4589 480 4646 ‹quatiquam
509 4573 573 4646 ‹qtrid
607 4580 648 4626 est
682 4571 732 4626 lroe
764 4570 898 4630 criminis,
933 4570 1037 4626 etiamsi
1070 4570 1235 4624 dimisissent
1267 4568 1423 4630 cardinalis,
1458 4570 1649 4643 Siclringiusu

395 4755 404 4785 ⁷
439 4761 583 4804 strennuos
604 4759 627 4803 1.
698 4754 772 4802 “ubi
791 4771 843 4802 riou
862 4752 928 4817 del]
952 4757 1158 4802 omli-einamma
1227 4752 1343 4801 θΤηιεο
1364 4755 1420 4802 Η.
1493 4751 1513 4783 ¹⁰
1532 4754 1567 4802 iis
1587 4758 1614 4802 3.

329 4838 379 4872 ’615
398 4842 567 4890 admiserant
578 4855 670 4890 omnes.
724 4837 745 4869 ²⁵
764 4840 807 4888 uel
821 4839 892 4887 lrurn.
909 4841 932 4887 1.
951 4841 999 4887 sed
1010 4844 1034 4887 in
1048 4842 1142 4887 erratis
1156 4837 1199 4886 trel
1212 4841 1318 4887 deletur.
1332 4839 1376 4887 uel
1390 4839 1548 4898 humanior,
1568 4839 1614 4888 uel

328 4926 437 4974 ciuilior
456 4929 480 4974 2.
533 4922 554 4956 ³¹
575 4922 619 4989 ab]
639 4941 656 4973 a
676 4928 700 4973 3.
754 4924 775 4956 ³³
793 4925 970 4990 bloguntinus
992 4928 1017 4977 3.
1068 4922 1090 4954 ³⁷
1108 4921 1246 4989 quoniam]
1268 4939 1326 4973 eum
1348 4926 1373 4971 3.
1425 4920 1445 4953 ⁴¹
1465 4922 1615 4973 Sickenius

329 5014 353 5060 3.
369 5027 385 5060 a
400 5014 424 5060 3.
474 5009 494 5040 ⁸⁷¹
512 5009 658 5060 Siehcnius
677 5012 701 5058 2.
739 5011 898 5076 Siekingiua
920 5011 945 5058 3.
