3934 6034
320 678 392 750 342
431 693 644 744 cccxuxllll.
664 708 852 744 unruuruasar
866 709 919 743 ruo
933 709 1063 744 urrrnso
1076 709 1112 744 nu
1126 710 1227 745 causari
1242 711 1383 746 arouurau
1395 709 1560 745 uasrousro.

320 870 452 945 „pserim
476 869 542 926 nihii
566 887 608 925 mc
631 870 760 926 hactenns
783 879 899 927 tutatum
921 879 976 933 est,
1007 888 1085 944 quam
1114 872 1184 946 quant
1213 887 1305 926 rerum
1334 871 1476 946 scripsisse
1494 860 1605 930 ¹consta·

320 956 385 1019 „bat
406 963 434 1011 ct
457 956 526 1011 irena
548 956 581 1010 de
603 972 707 1010 caussa.
752 956 885 1012 habentur
907 956 934 1011 in
957 956 1080 1011 manibus
1111 955 1312 1014 lucubrationes
1340 973 1420 1018 meac.
1454 957 1537 1013 animi
1567 958 1604 1015 in·

321 1042 427 1104 „dices;
464 1058 517 1096 non
549 1040 624 1113 iugiu
654 1040 794 1103 iudicium,
827 1041 924 1115 siquod
954 1040 1041 1096 ubids
1064 1042 1090 1096 in
1114 1058 1266 1115 quenquam
1289 1058 1347 1096 mea
1369 1042 1488 1115 positum
1511 1042 1604 1100 frande

321 1126 507 1189 „ruendacium
529 1125 689 1199 reperietur.
735 1127 881 1200 quinetiam
904 1143 957 1181 nou
981 1135 1092 1201 parcant
1115 1127 1263 1182 Germania
1286 1127 1423 1201 principes
1446 1127 1527 1190 mibi,
1557 1145 1604 1186 nec

321 1212 372 1274 „ab
395 1211 449 1267 ulia
472 1210 596 1285 supplicii
626 1212 768 1267 atrocitate
796 1211 964 1288 abstineant,
999 1212 1020 1266 si
1049 1229 1166 1285 unquam
1195 1212 1271 1267 incru
1302 1212 1454 1268 istiusmodi
1483 1213 1623 1270 criminist

321 1297 486 1360 ..convictus
529 1296 582 1350 iam
606 1296 693 1351 hoca
716 1314 757 1352 me
780 1297 840 1371 ipso
863 1297 1071 1370 pronunciatum
1095 1306 1121 1351 et
1143 1304 1324 1353 contestatum
1347 1306 1423 1361 esto;
1446 1315 1603 1371 nequeuon

321 1391 402 1446 „sunt
426 1381 471 1455 qui
495 1382 616 1437 studiose
639 1380 739 1455 adinqui
761 1382 910 1454 vestigent.
944 1381 1074 1454 numquid
1105 1399 1218 1456 usquam
1241 1382 1277 1437 sit
1298 1382 1375 1437 cuius
1406 1383 1549 1440 occasione
1577 1385 1603 1440 in

322 1467 469 1531 ..indicium
499 1466 666 1541 protrahant.
712 1467 757 1539 qui
789 1468 811 1521 si
841 1467 904 1539 quid
935 1466 1084 1527 inveniant,
1115 1485 1195 1541 quam
1218 1465 1295 1522 facile
1318 1468 1520 1542 oppresserint.
1544 1486 1603 1526 cnm

321 1564 393 1616 ,anm
416 1553 471 1607 siut
492 1560 623 1626 praterea
647 1551 753 1607 intensi.
798 1550 897 1619 Qirodsi
920 1552 1043 1607 iuinnncs
1067 1552 1102 1607 ibi
1127 1551 1204 1612 inibo,
1235 1561 1292 1607 tum
1315 1569 1357 1608 me
1379 1553 1422 1609 cui
1444 1554 1555 1627 cognita
1576 1563 1604 1611 et

321 1646 480 1713 „perspecta
503 1645 567 1692 sunt
589 1637 691 1696 onruia,
714 1635 832 1692 cmtestis
855 1645 932 1711 pater
953 1644 1076 1692 conterat
1098 1655 1127 1693 ac
1148 1637 1275 1711 dissipet,
1300 1655 1387 1711 neque
1403 1639 1540 1713 propitius
1556 1645 1635 1695 ιιι-ΙΙ

321 1740 419 1796 „quarn
442 1722 491 1783 sit,
515 1721 610 1795 siquod
634 1722 660 1776 in
684 1738 836 1794 quenquam
859 1722 946 1777 sciens
969 1721 1116 1795 volensque
1140 1722 1305 1778 mendacium
1319 1723 1446 1778 conscivi.
1481 1723 1522 1780 Tu
1537 1743 1603 1799 quo-

320 1826 391 1882 „quc
415 1805 520 1863 solebas
544 1805 728 1878 integritatem
750 1815 777 1861 ct
799 1806 942 1866 candorem
965 1806 1085 1862 tribuero
1115 1807 1193 1870 mihi,
1226 1816 1253 1862 ct
1281 1807 1333 1862 nisi
1362 1808 1528 1865 decrevisses
1556 1827 1604 1884 per

320 1892 506 1955 „occasionem
529 1891 744 1947 indecentissime
770 1892 902 1947 assentari
930 1891 1094 1947 buchstrato
1122 1908 1206 1954 nuuc.
1240 1891 1414 1949 obnixissime
1442 1902 1520 1950 certo
1547 1895 1603 1951 scio

320 1976 562 2040 „existimationem
586 1976 628 2030 bic
651 1994 736 2032 meam
758 1977 931 2036 defenderes.
955 1976 1027 2050 quod
1050 1994 1063 2031 a
1087 1977 1192 2032 ueunne
1213 1977 1285 2032 credi
1302 1977 1384 2034 relies
1401 1976 1453 2033 talc
1468 1980 1495 2034 in
1516 1995 1602 2036 meam

320 2063 436 2119 animum
460 2061 591 2134 flagitium
614 2061 734 2117 caderc.”
777 2061 839 2118 buc
862 2061 1005 2117 lhrtteuus.
1612 2067 1634 2107 ιι

385 2141 483 2223 [aeon]
528 2164 577 2202 uu.
601 2148 755 2219 Eprepiam
779 2162 845 2202 uero
859 2151 981 2220 qratiam
998 2148 1198 2201 corrrmunicuti
1211 2146 1327 2219 hospitii
1340 2146 1433 2218 refert
1448 2148 1516 2204 huic
1531 2150 1604 2217 urbi,

319 2237 348 2290 iu
371 2250 428 2305 qua
451 2249 527 2287 nuru
551 2233 610 2287 ruva
632 2234 688 2286 iam
711 2233 836 2300 biennio,
865 2239 892 2287 et
914 2234 1052 2287 uerrunem
1076 2233 1154 2287 chien
1176 2234 1227 2302 qui
1253 2247 1283 2286 se
1306 2235 1440 2303 potiatur
1462 2233 1604 2290 luthera-

320 2319 480 2386 mendici,
512 2318 589 2372 etin
612 2335 669 2389 qua
688 2317 802 2387 pardalica
824 2319 914 2373 edicto
936 2324 1050 2373 curatum
1078 2323 1134 2384 est,
1169 2333 1204 2371 ue
1232 2319 1382 2388 quisquam
1410 2319 1440 2373 iu
1468 2322 1605 2375 concione

320 2406 419 2460 doceat
448 2404 524 2474 quod
550 2404 718 2458 adversetur
746 2406 904 2474 euaripelio,
938 2419 973 2458 nc
1002 2403 1121 2457 lutheri
1151 2404 1262 2473 quidem
1296 2403 1469 2459 authoritate
1497 2402 1603 2476 fretus.

322 2506 372 2545 οἰ.
396 2488 493 2560 Utique
516 2488 652 2560 eprcgiaru
676 2488 805 2560 gratiam:
829 2506 889 2543 narn
912 2488 1013 2562 optima
1036 2488 1121 2560 gratia
1144 2487 1332 2542 communicati
1356 2488 1467 2562 hospitii
1483 2496 1534 2550 cst,
1557 2489 1636 2546 ubit·

320 2572 417 2630 mehor
439 2572 469 2627 ht
490 2590 521 2627 eu
545 2573 659 2646 hrupitis
681 2573 860 2629 contubernio
883 2573 928 2646 qui
952 2573 1048 2646 recipit
1071 2572 1197 2646 hospitio.
1242 2573 1305 2645 quid
1333 2580 1421 2629 aartcm
1446 2583 1490 2629 tua
1512 2574 1604 2631 eristi·

322 2658 439 2715 uratione
462 2658 598 2730 indignius
621 2676 700 2731 quam
724 2657 777 2714 talc
804 2657 932 2732 probrum
964 2657 1096 2717 obiicere,
1133 2658 1205 2730 quod
1234 2658 1303 2732 apud
1333 2658 1451 2731 optimos
1479 2676 1605 2734 quosque

322 2744 432 2800 riiauima
458 2744 493 2798 sit
514 2742 607 2804 irrudc.
631 2751 658 2798 et
680 2744 752 2816 quod
774 2743 860 2815 magis
882 2744 972 2814 arguit
993 2743 1200 2798 conviciatorem
1224 2760 1302 2816 quam
1325 2760 1387 2798 cunr
1410 2744 1456 2817 qni
1484 2742 1603 2800 laeditur.

321 2829 445 2885 biiserauu
469 2836 495 2883 te
518 2828 562 2901 qui
587 2828 638 2884 hnc
659 2829 782 2883 amentiae
805 2828 966 2902 pervenisti!
1002 2828 1053 2883 Sed
1082 2828 1160 2901 qnmc
1188 2827 1239 2883 buc
1266 2836 1307 2883 cst
1335 2828 1438 2884 tonitru
1468 2845 1524 2902 quo
1552 2846 1604 2886 nos

322 2914 492 2970 uehementer
515 2920 615 2974 terres,
639 2912 747 2987 publico
770 2914 858 2969 edicto
880 2921 987 2968 ratitum
1011 2930 1083 2974 esse.
1108 2930 1140 2969 ne
1163 2914 1304 2987 qrdsquaiu
1320 2913 1346 2968 iu
1361 2913 1493 2969 concione
1507 2914 1635 2970 doceare

322 2998 394 3073 quod
416 2997 555 3070 cvangelio
578 2998 753 3055 adversetur?
786 2997 840 3053 lmn
869 3000 894 3053 iu
924 3000 975 3053 boc
1004 2999 1115 3053 unanime
1138 2998 1288 3072 probabunt
1309 2997 1460 3054 doctrinam
1482 2998 1604 3063 Lutberi.

322 3102 381 3157 apuu
405 3081 471 3137 nihii
494 3082 564 3137 alind
588 3092 630 3138 est
652 3102 730 3157 qnam
759 3101 789 3139 cu
819 3082 970 3156 cuaripeho.
999 3084 1103 3138 etiamsi
1132 3092 1293 3157 rumpantur
1322 3101 1415 3139 omncs
1444 3084 1604 3141 Antichristi

321 3177 348 3224 ct
371 3168 491 3242 papistm.
536 3177 562 3223 et
586 3169 664 3224 hodic
687 3167 787 3224 iiiidtos
811 3168 892 3223 babes
916 3169 942 3223 in
964 3186 994 3223 ea
1015 3168 1096 3228 urbe.
1119 3169 1164 3241 qui
1181 3186 1210 3224 se
1226 3168 1395 3241 evangelicos
1410 3169 1606 3243 praedicatores

322 3253 394 3308 serbi
416 3261 443 3307 ct
467 3253 557 3308 habui
580 3252 674 3309 rohrnt
696 3262 723 3307 et
746 3261 824 3310 saint.
848 3253 1029 3309 initiicranum
1052 3253 1148 3326 dogma
1170 3252 1257 3327 palam
1281 3254 1416 3310 docentes.
1453 3253 1520 3310 bum
1541 3272 1605 3311 vero

321 3346 443 3393 statiumt
465 3338 646 3410 evangelium,
675 3338 738 3411 qiud
761 3338 832 3394 alind
856 3347 940 3410 agiiut
964 3356 1042 3412 quam
1066 3338 1137 3411 ‹qrrod
1161 3338 1320 3394 subvertunt
1348 3339 1466 3394 omnium
1495 3343 1636 3413 patrum!

321 3431 490 3485 sarrctorum,
518 3423 694 3480 conciliorum
717 3432 744 3479 et
767 3423 923 3497 puritihcniu
947 3423 1076 3478 hunuanus
1104 3423 1280 3486 traditiones,
1310 3441 1370 3497 qum
1399 3423 1540 3496 evangelio
1563 3442 1605 3482 re·

321 3511 461 3583 pargnant?

385 3589 482 3668 [stara]
527 3610 576 3648 nn
601 3594 661 3648 luru
686 3610 751 3649 raro
773 3596 868 3649 neseio
890 3612 927 3650 au
950 3594 1022 3648 nihil
1043 3595 1221 3649 tribuendum
1244 3596 1281 3649 sit
1302 3595 1482 3665 quorundum
1511 3597 1606 3668 suspi-

322 3681 393 3735 tioni
413 3681 463 3750 qui
484 3680 613 3734 dictitant
637 3678 793 3733 lluttcuuru
816 3693 855 3734 ca·
877 3681 969 3750 equite
990 3677 1101 3749 (cetram
1121 3680 1328 3745 sedentariam,
1351 3679 1515 3736 cuiusmodi
1527 3681 1605 3736 tinet·

321 3767 363 3820 los
385 3765 424 3818 cut
444 3769 581 3835 qraaesturu
604 3766 744 3830 scribere,
768 3780 887 3836 eramque
908 3766 1065 3837 peruirruut,
1095 3766 1161 3818 dum
1184 3764 1264 3819 ethi
1285 3771 1437 3819 nramcraut
1461 3767 1513 3837 qui
1538 3773 1638 3822 cort-³³

321 3852 429 3904 dracriut
451 3864 567 3920 operum
590 3855 617 3903 et
638 3852 666 3904 iu
689 3865 760 3920 paros
781 3851 879 3905 scribit
899 3852 1023 3921 pecunia
1046 3851 1202 3916 redimunt,
1231 3865 1267 3905 ne
1294 3851 1371 3921 quod
1395 3853 1536 3921 scripturn
1564 3857 1606 3907 cst

321 3936 432 3990 edatur.
500 3950 549 3989 or.
574 3933 691 3990 Primum
715 3933 829 3990 testiiuis
857 3935 1055 4009 probatissimis
1082 3934 1238 3991 docebimus
1261 3934 1406 3991 Hnttcnnm
1436 3934 1500 3991 libri
1530 3953 1606 3993 exce·

322 4027 428 4094 ptorem
451 4021 584 4079 nescisse:
617 4019 712 4074 deinde
736 4019 774 4074 sic
796 4038 810 4075 c
833 4021 898 4075 rivis
929 4020 1092 4080 excessisse,
1126 4028 1156 4075 ut
1185 4020 1383 4095 typographum
1413 4030 1490 4078 certo
1519 4022 1606 4078 nesci·

322 4105 403 4159 rurit:
439 4105 488 4159 hoe
512 4104 598 4159 iiteris
621 4103 730 4159 iluttnui
754 4123 833 4160 mann
857 4106 966 4180 scriptis
994 4104 1207 4161 contestabimur
1235 4105 1267 4160 aad
1295 4106 1421 4162 ioannem
1445 4105 1604 4166 Schottum:

323 4189 401 4245 rerba
417 4189 475 4244 cius
491 4188 614 4263 epistulae
630 4190 687 4244 bruc
710 4197 786 4244 snut:
811 4190 878 4258 ..thri
895 4190 1143 4264 Expostulutioncm
1167 4207 1266 4252 mcum,
1291 4191 1391 4264 inquit,
1414 4191 1532 4253 excudit.
1556 4192 1636 4248 bo-tt

322 4292 399 4335 ..nrun
422 4274 496 4329 «tatu
518 4292 642 4348 operatu.
666 4283 696 4329 ut
719 4275 806 4337 rides:
829 4276 864 4330 dii
888 4276 1000 4347 grratimn
1024 4274 1152 4334 habeant.
1177 4277 1300 4349 quisquis
1319 4284 1369 4331 est.
1407 4276 1495 4333 Audio
1510 4294 1605 4334 curare

321 4360 487 4432 ..qumdam
512 4367 541 4413 ut
564 4359 718 4415 traducatur
741 4360 903 4419 Teutonico:
927 4362 999 4434 (prud
1023 4361 1044 4414 si
1068 4361 1104 4415 ita
1126 4369 1180 4421 est,
1205 4379 1286 4433 rogo.
1311 4370 1339 4416 ut
1363 4362 1414 4416 nde
1437 4363 1541 4435 optima
1562 4380 1606 4419 ea·

321 4445 428 4499 rudus.”
471 4444 538 4511 thud
563 4444 646 4515 ipitur
668 4462 738 4499 nunc
761 4446 858 4519 praedm
880 4454 936 4504 cst.
967 4463 1028 4520 qum
1051 4462 1153 4502 merces
1176 4463 1255 4519 quam
1284 4446 1309 4501 iu
1333 4464 1364 4502 os
1386 4447 1504 4503 coniecit
1526 4457 1605 4523 typo·

321 4530 459 4604 eucarpium,
482 4548 542 4585 cnm
567 4531 764 4603 typographum
788 4531 844 4603 ipsc
869 4550 922 4586 nain
946 4533 1076 4587 nouerat?
1100 4531 1150 4586 Sed
1165 4532 1304 4587 adiuretur
1318 4532 1399 4587 ctiam
1415 4534 1605 4609 typographus

324 4614 509 4676 iureiurandn;
543 4616 711 4670 sanctissime
735 4615 862 4671 iatchitur
884 4634 917 4671 ne
940 4635 1026 4671 assem
1050 4617 1155 4690 quidun
1179 4634 1207 4671 sc
1230 4618 1359 4678 donasse.
1396 4625 1526 4675 catorum
1556 4629 1636 4695 perta

321 4698 402 4755 abnui
425 4700 537 4755 anticum
562 4699 680 4756 hbclbuu
704 4699 742 4754 ibi
765 4701 870 4756 venisse
893 4702 919 4756 in
948 4719 1050 4760 riiauus.
1095 4700 1127 4755 Et
1154 4702 1285 4757 clorieruus
1313 4720 1376 4758 sane
1405 4704 1604 4777 suspitionibus

321 4783 437 4858 ahquid,
460 4785 591 4840 (irruemus
614 4802 710 4841 tutinus
734 4784 865 4841 obtulisse
889 4785 929 4841 rei
953 4804 1109 4841 numerasse
1132 4788 1281 4860 quidpiam,
1306 4798 1359 4843 turn
1382 4795 1441 4843 crat
1459 4797 1540 4864 turpe
1556 4808 1604 4865 pro

389 4967 409 4998 '⁰
422 4967 534 5034 Quutst]
549 4968 625 5030 Quod
638 4983 729 5016 ornares.
778 4966 799 4998 ¹⁵
811 4966 891 5032 quod]
906 4985 957 5033 qno
973 4971 998 5018 3.
1047 4968 1067 5000 ¹⁹
1080 4975 1167 5019 autor.
1183 4973 1208 5019 3.
1257 4969 1466 5021 ’ttutirurcz
1514 4972 1607 5025 εἰιιιιι·

320 5037 423 5101 picioui
445 5039 469 5084 3.
490 5044 514 5086 ct
533 5042 569 5086 dn
587 5054 607 5084 u.
623 5038 664 5084 dd.
718 5035 739 5066 ⁴⁷
757 5035 896 5101 donemus]
916 5039 1013 5094 alericus,
1033 5042 1198 5088 concertamus
