3934 6034
295 677 368 748 296
471 692 669 742 cccxxxlfl.
690 706 810 742 scottum
823 707 925 742 nassau
939 708 1082 744 toneneas
1096 709 1267 745 serenantes
1281 707 1412 744 nvureut.

296 870 456 938 ‘utnusquam
479 864 594 940 disputo
614 866 758 925 abstersus
778 866 965 926 lutbcrum’:
993 866 1048 925 boe
1068 867 1141 927 mibi
1146 884 1263 927 aarum
1285 884 1343 926 rron
1363 876 1422 926 est:
1442 880 1583 925 aoaaun-

296 985 384 1041 quam
406 971 436 1027 in
456 969 556 1026 eodem
576 970 705 1027 conuiuio
721 969 905 1027 Carneadem
926 968 1062 1041 reserens
1078 971 1194 1045 disputo
1212 986 1269 1045 pro
1287 970 1415 1029 Lictbcro
1434 974 1583 1027 utcontra

296 1071 470 1140 Lutberum,
497 1070 660 1142 aliquando
687 1072 781 1129 animi
804 1075 922 1144 uratia,
954 1074 1102 1133 interdum
1123 1076 1283 1147 cupiscuns
1301 1073 1373 1145 urrici
1391 1071 1440 1129 bio
1460 1078 1513 1128 ctat
1532 1071 1584 1127 ille

296 1176 415 1243 sentiat,
434 1174 585 1246 aliquoties
606 1182 634 1231 ct
656 1173 791 1232 discendi
802 1190 904 1232 cansa.
947 1191 1002 1234 acc
1018 1193 1146 1248 ααααανα
1168 1184 1263 1235 tamea
1277 1192 1313 1234 ea
1328 1176 1487 1248 disputatio
1501 1170 1586 1246 apud

299 1292 344 1334 me
357 1277 484 1334 eucessit
500 1278 530 1332 in
545 1277 677 1348 aliquam
692 1278 936 1335 ctmurnlentiam:
960 1281 1053 1351 aruntis
1074 1278 1196 1337 aurilms
1213 1288 1369 1351 utramque
1384 1286 1503 1351 purtem
1524 1285 1605 1332 atr-⁵

230 1397 298 1447 §.aa
310 1379 376 1436 dire
392 1394 521 1451 possum.
566 1379 639 1436 turibi
656 1381 758 1452 placet
777 1380 843 1438 bau
867 1380 987 1438 libertas
1009 1383 1039 1439 iu
1063 1383 1200 1439 corrainiis
1219 1388 1248 1439 et
1266 1379 1470 1452 [cimiliaribus
1490 1379 1584 1436 collo-

299 1483 389 1556 quiis,
411 1496 469 1553 utcu
484 1497 564 1555 scope
583 1487 649 1540 ator
664 1481 830 1552 immodice,
853 1484 978 1540 aliorum
1004 1486 1174 1550 animosae
1195 1499 1258 1542 meo
1279 1485 1436 1542 testinans.
1483 1482 1526 1539 Ac
1547 1497 1585 1537 ne

298 1600 344 1642 me
358 1584 433 1641 uitiis
447 1583 577 1642 orantibus
599 1584 734 1654 liberem,
757 1583 812 1642 boe
833 1584 906 1642 mibi
929 1587 1028 1643 citium
1049 1592 1092 1644 est
1109 1589 1312 1661 bracmanas,
1334 1588 1377 1644 sic
1399 1585 1533 1655 insitum,
1555 1587 1587 1639 ut

300 1702 382 1759 aare
398 1688 505 1759 passim
522 1687 654 1743 cittcere:
673 1702 761 1759 uuum
782 1703 840 1744 aon
862 1690 949 1746 semel
970 1699 1113 1761 expertus
1136 1690 1189 1746 sim
1212 1687 1354 1760 utcosdam
1374 1687 1474 1745 oblitos
1497 1700 1585 1757 quam

299 1790 391 1847 miella
412 1789 472 1863 ipsi
487 1787 636 1846 liberrime
653 1789 799 1859 dixerint,
819 1789 899 1861 atnod
918 1805 938 1846 u
959 1789 1040 1848 nobis
1056 1791 1164 1850 dictum
1183 1788 1288 1861 suerat
1303 1790 1466 1847 meminisse
1481 1797 1620 1847 aere-1⁰

299 1888 386 1961 serre
405 1897 434 1948 cl
447 1906 507 1964 ner
524 1893 705 1949 occasionem
727 1893 903 1965 imminuere,
925 1894 1023 1950 curtiliis
1040 1894 1155 1950 interim
1179 1903 1209 1951 ut
1226 1894 1261 1962 sil
1281 1890 1392 1962 affictis
1411 1907 1449 1949 ao
1470 1891 1586 1963 depru-

233 2007 299 2057 §.nn
312 1995 395 2051 tratis.
440 1996 524 2066 altuni
541 1992 663 2051 decebat
681 2009 717 2052 ca
734 2010 801 2066 aaa
816 1997 892 2052 inter
909 1997 1019 2068 pocncla
1035 1995 1188 2065 dicuntur,
1210 1996 1238 2052 iu
1258 1996 1323 2052 αιἀο
1338 1995 1476 2052 scribere.
1511 2005 1588 2064 ᾳαο-

301 2097 353 2154 ties
372 2098 401 2152 in
424 2097 561 2153 conuiuiis
588 2098 743 2169 imperium
771 2099 974 2156 transtulimus
996 2099 1025 2154 in
1049 2096 1157 2156 bilicem
1186 2098 1366 2170 pornificem,
1393 2102 1423 2153 el
1444 2108 1587 2152 summum

299 2198 480 2271 ponctificium
496 2200 526 2254 in
541 2196 784 2257 Mauirniliunum
802 2199 968 2266 Casurum·
991 2199 1098 2257 deiude
1114 2201 1238 2271 colleuiu
1256 2198 1466 2257 rrrotiacboram
1480 2196 1589 2254 mutri-

301 2301 398 2358 mouio
414 2301 615 2372 copillcmimus
636 2302 765 2373 coileuiis
784 2301 1015 2367 monacharum,-
1043 2318 1112 2360 mon
1134 2302 1341 2377 descripsimus
1358 2318 1398 2359 erc
1420 2301 1478 2358 illis
1496 2314 1589 2356 cuer·
1600 2308 1623 2348 ¹⁵

302 2405 392 2462 citum
413 2402 556 2460 aduersus
582 2399 709 2471 Tamus,
733 2402 840 2460 deinde
860 2405 991 2462 colonias
1011 2421 1051 2462 ea·
1066 2404 1168 2461 iisdem
1183 2406 1213 2461 ia
1229 2419 1319 2461 riorus
1339 2405 1469 2462 insutus:
1491 2400 1589 2458 breui-

303 2514 347 2563 ter
368 2505 535 2563 uuiucrsum
557 2504 634 2562 orbis
654 2510 762 2563 statum
786 2506 981 2564 veniebamus:
1009 2506 1064 2564 scd
1086 2506 1152 2565 lucc
1182 2506 1434 2564 senatusconsultu
1459 2518 1518 2559 aon
1540 2503 1590 2558 in-

303 2606 508 2666 scribebantur
529 2608 615 2664 aereis
637 2606 759 2676 tabulis,
780 2607 834 2665 sed
852 2610 930 2677 rino,
952 2610 995 2665 sie
1016 2614 1048 2665 al
1065 2609 1187 2666 sublatis
1203 2608 1317 2680 pocndis
1336 2622 1419 2663 eterno
1439 2604 1586 2662 mernirtis-

236 2721 357 2772 §conset
378 2710 483 2783 uirida
505 2725 562 2781 utro
585 2708 694 2767 dictum
716 2716 798 2768 esset.
843 2710 967 2768 Maioris
988 2713 1075 2768 etium
1094 2711 1273 2768 incivilitatis
1294 2716 1338 2767 est
1357 2709 1591 2767 criminationem

303 2822 418 2873 struere
439 2828 479 2871 ero
500 2811 545 2868 bis
563 2828 630 2884 qirca
652 2814 742 2870 amici
759 2810 836 2882 [reti
851 2813 913 2883 fide
931 2820 1033 2871 nostru
1049 2813 1139 2870 libere
1155 2812 1302 2870 nobiscum
1317 2816 1468 2884 armantur
1478 2825 1538 2883 per
1549 2809 1628 2866 li-tn

305 2923 395 2975 lorus.
429 2915 522 2973 babeo
537 2916 589 2986 qni
601 2931 640 2972 aa·
654 2915 763 2972 intimis
778 2916 881 2972 crtriicis
895 2914 967 2972 aiibi
978 2913 1059 2985 sacti
1071 2922 1139 2972 stunt
1152 2915 1297 2987 capitales
1311 2912 1418 2981 bostcs,
1442 2910 1517 2968 rcibil
1534 2924 1593 2967 reon

305 3020 455 3076 molientes
477 3020 507 3075 in
527 3018 650 3074 esitium
671 3032 784 3083 meum·
813 3033 963 3089 rturtauam
987 3023 1082 3074 tumea
1103 3018 1239 3074 sustinuit
1259 3016 1375 3073 currimus
1393 3029 1474 3071 mens
1496 3018 1529 3069 ut
1550 3011 1596 3068 rel

307 3122 464 3179 eseerelis
485 3120 651 3191 colloquiis,
680 3118 750 3176 dum
780 3127 928 3177 constaret
950 3118 1149 3191 familiaritas
1175 3118 1296 3184 babilis,
1323 3117 1368 3173 acl
1393 3131 1433 3173 eo
1462 3115 1595 3187 epistolis

310 3223 465 3296 arcicanum
488 3222 546 3278 illis
568 3220 738 3278 obiicerem:
766 3232 825 3278 tum
852 3222 929 3278 euim
959 3220 1033 3278 mibi
1057 3220 1165 3292 dianus
1192 3220 1310 3277 uiderer
1330 3219 1381 3289 utri
1400 3233 1440 3275 eu
1459 3218 1596 3275 rcrriuerso

240 3325 467 3387 §.nobombuun
481 3322 667 3381 cortlnbernio
682 3320 864 3392 inferarum
879 3324 1055 3381 consortium
1070 3322 1278 3395 urobudercr.
1329 3321 1341 3378 l
1347 3321 1435 3378 'errem
1451 3320 1535 3376 illam
1554 3318 1598 3374 ad
1606 3335 1632 3373 ns

308 3426 473 3486 Luurirnnn
494 3427 646 3499 caristolum
667 3427 799 3497 auriellut
819 3425 947 3483 odiosum
976 3426 1202 3482 insectationem.
1244 3419 1386 3496 proferat
1404 3437 1444 3478 co·
1467 3436 1504 3477 eu
1525 3435 1597 3476 ocr-

309 3528 375 3587 bum
397 3543 487 3586 aurem
506 3528 604 3585 odiose
623 3527 730 3585 dictum
751 3529 781 3585 in
798 3527 974 3585 Lirtlteram:
994 3528 1078 3583 tttcllu
1097 3525 1233 3595 baresis,
1257 3525 1340 3582 truella
1358 3523 1493 3582 baeretici
1509 3537 1599 3579 men-

310 3633 363 3699 tiu,
388 3629 567 3702 traundiam
589 3631 721 3703 appello,
748 3628 902 3687 dissidium
925 3645 962 3686 uc
983 3630 1135 3686 turmulam
1158 3628 1290 3701 arrpello,
1320 3626 1423 3697 quibus
1445 3625 1541 3682 corbis
1563 3624 1602 3681 de

310 3734 478 3804 euarruelico
500 3747 612 3807 uitaque
634 3732 753 3803 rccuocio
774 3733 855 3804 loqrci
873 3739 1024 3804 pateram:
1046 3735 1158 3788 tantum
1178 3732 1266 3803 plcrco
1286 3728 1429 3801 qerosdam
1445 3726 1601 3784 Littbcra-

312 3852 379 3904 nas,
405 3836 456 3905 atti
477 3836 558 3892 rttcllo
579 3834 688 3893 indicio
704 3831 847 3904 feramur
872 3835 1023 3906 impotenti
1048 3833 1174 3905 uicodam
1203 3833 1312 3904 intractu
1338 3838 1367 3886 et
1395 3830 1438 3886 ud
1465 3830 1636 3900 utramuism

244 3954 311 4004 uuit.
322 3942 411 3996 leuem
426 3952 572 3995 cremorem
591 3938 724 3994 eucitunl
743 3936 914 4008 truaoedias.
968 3934 1039 3993 l'ide
1057 3949 1125 3991 ecro
1140 3950 1228 4005 arcam
1249 3948 1370 3990 catcsam
1392 3930 1524 4002 (rsfinuat
1541 3932 1601 3987 im-

307 4040 436 4115 pudenti
454 4041 598 4097 lemmati:
620 4039 702 4097 ‘Ideo
720 4040 895 4110 laminiana
914 4045 957 4095 est
977 4038 1076 4093 ultimo
1092 4038 1123 4093 iu
1137 4030 1304 4094 Lnlluram'
1325 4035 1419 4105 irtuicit
1437 4035 1517 4105 ‘nicia
1536 4049 1602 4091 ccc-

314 4144 367 4216 ‘pit
385 4142 431 4199 illi
449 4142 580 4200 intendere
602 4146 715 4199 turrilum
734 4142 877 4214 utorium,
895 4145 999 4213 nasica
1022 4154 1109 4211 quam
1130 4138 1208 4194 illins
1229 4136 1298 4194 libri
1313 4151 1408 4209 prope
1422 4137 1517 4206 nuituis
1535 4143 1606 4192 sinu

314 4247 354 4303 ‘in
381 4245 516 4303 mantibus
543 4243 690 4302 bominum
713 4260 801 4316 qicam
824 4238 936 4316 iusins'.
978 4241 1041 4299 Non
1071 4239 1185 4297 ineidco
1206 4238 1334 4296 lictbero
1360 4253 1443 4296 suum
1465 4236 1604 4309 farriam:

314 4350 372 4407 imo
385 4349 484 4405 malim
499 4348 600 4420 arronis
623 4346 699 4403 Care
719 4363 781 4404 esse
804 4345 954 4403 obscurior
975 4359 1063 4416 uncum
1085 4342 1194 4400 ltcclrcre
1212 4339 1329 4411 suerrum
1351 4341 1444 4406 illius·
1465 4355 1556 4412 urium
1578 4341 1641 4401 sius

313 4454 428 4526 patitur
448 4465 549 4507 amore
572 4448 694 4519 Cbristi,
720 4450 877 4521 plusquam
906 4451 1027 4504 mortem
1051 4446 1168 4517 trabitur
1194 4460 1248 4500 nce
1269 4457 1383 4515 ccqrnun
1404 4451 1447 4499 est
1467 4449 1499 4500 at
1519 4443 1608 4514 uuis-

384 4636 395 4668 ²
414 4636 585 4685 Carneadem
604 4651 685 4696 sano,
705 4634 786 4683 hodio
805 4649 852 4698 pro
872 4632 993 4691 iustitia,
1014 4646 1075 4678 crus
1095 4634 1191 4677 contra
1211 4644 1270 4675 oum
1285 4627 1486 4691 disputantem,
1507 4626 1608 4676 refers.

318 4727 459 4785 tlittotunt.
474 4722 505 4769 V.
522 4721 572 4785 Μ.)
626 4718 646 4751 ¹²
665 4717 781 4784 quotics]
802 4719 958 4782 Ingeniosa.
978 4732 1039 4764 num
1054 4714 1151 4762 Ialimn
1165 4714 1200 4761 11.
1216 4714 1407 4777 imperatorem
1421 4711 1513 4776 potius
1527 4728 1611 4776 qltam

319 4808 476 4875 pontificum
495 4807 580 4854 fuisso
600 4820 677 4869 toqttc
697 4810 807 4853 constat.
826 4811 907 4866 atquc>
921 4799 1105 4849 maximiliani
1124 4800 1145 4846 1.
1167 4798 1299 4858 cogitatio
1318 4797 1351 4844 de
1371 4797 1535 4861 pontificatu
1556 4799 1612 4847 sibi

319 4893 477 4944 (ludbrando.
530 4891 552 4922 ²⁶
571 4887 682 4955 appell.]
702 4890 850 4953 Expost.§.
865 4887 906 4936 32.
976 4884 998 4916 ³²
1023 4885 1087 4932 Ideo
1106 4881 1164 4947 cla]
1189 4884 1248 4930 Non
1272 4888 1334 4931 stunt
1358 4882 1416 4929 bico
1443 4883 1504 4946 ipso
1523 4884 1614 4932 verba

319 4984 431 5046 Exponit.
446 4982 468 5038 ξ.
483 4976 524 5027 35.
577 4975 599 5006 ³³
618 4975 697 5024 (furis
717 4974 777 5023 loco
797 4975 825 5036 ti.
841 4989 864 5022 o.
879 4970 970 5031 nihili)
984 4969 1088 5029 haberi,
1110 4970 1137 5017 in
1151 4967 1294 5033 proverbio
1309 4983 1340 5014 αα
1354 4967 1434 5015 Hom.
1448 4966 1480 5015 lt.
1495 4968 1613 5018 lx.378.

321 5065 381 5126 (τίω
401 5058 433 5115 δέ
446 5080 496 5129 μιν
515 5054 546 5113 ἐν
564 5054 659 5126 Καρὸς
678 5058 766 5126 αἴσῃ.)
