3934 6034
389 681 516 735 CCLXX.
537 695 652 731 rucorrr
665 690 805 731 craneum
819 693 994 732 noroenses
1008 693 1209 731 scuwrnmrvu
1223 694 1265 729 rr.
1280 695 1305 730 o.
1319 689 1354 731 20.
1369 696 1430 733 osc.
1447 691 1504 734 1⁵21.
1541 666 1584 740 91

303 857 332 906 iu
355 871 439 906 causa
463 860 491 904 et
508 853 589 904 Fidei
609 854 773 915 Catholicae,
799 857 827 903 et
850 858 955 902 sanctas
972 853 1102 903 Romano
1125 850 1250 901 ecclesio.
1269 852 1400 905 adversus
1417 854 1590 921 impietatem

304 958 407 1004 eorum,
433 942 478 1006 qui
498 946 526 989 et
544 956 629 991 novas
648 940 771 989 excitare
791 939 923 1001 haereses,
950 944 978 989 et
996 944 1105 989 veteres
1124 954 1157 988 ac
1176 938 1320 988 damnatas
1339 955 1470 990 revocare
1489 958 1589 992 conan-

302 1035 358 1089 tur,
383 1025 570 1086 defendenda,
597 1024 693 1074 eadem
711 1040 796 1089 usque
816 1025 849 1074 ad
869 1028 1017 1073 extromum
1037 1030 1288 1090 perseveraturanr3
1311 1026 1399 1074 visum
1423 1033 1514 1077 tamen
1537 1027 1591 1078 suit

301 1114 381 1163 nobis
398 1129 470 1163 nuuc
490 1126 552 1161 cum
569 1116 676 1175 tempus
694 1113 812 1159 maxime
831 1116 1011 1176 opportunum
1031 1112 1123 1174 adest,
1143 1126 1253 1175 operam
1267 1112 1502 1161 etauctoritatem
1516 1117 1590 1163 tuam

280 1201 332 1247 sut
350 1198 497 1247 adhiberes
515 1196 550 1247 ad
569 1195 734 1246 refellendos
753 1196 869 1261 impetus
887 1198 1014 1259 istorum,
1034 1197 1080 1261 qui
1098 1212 1154 1260 prae
1172 1211 1222 1245 sua
1241 1201 1268 1245 ot
1286 1197 1436 1246 ambitione
1456 1206 1484 1247 et
1495 1199 1590 1263 iniqua

301 1284 447 1334 iracundia
471 1298 567 1350 pacem
591 1282 765 1347 perturbare,
796 1282 905 1332 zizania
923 1281 1075 1345 seminare,
1100 1282 1191 1331 omnia
1216 1282 1316 1331 acerbo
1341 1283 1467 1333 inccndio
1491 1285 1589 1349 permi-

260 1405 264 1409 -
302 1386 379 1419 scere
394 1369 575 1431 contendunt,
595 1368 645 1417 has
663 1368 751 1417 denuo
766 1367 995 1418 adNobilitatcm
1014 1373 1089 1416 tuam
1108 1368 1230 1417 scribere
1248 1368 1373 1430 litteras,
1392 1374 1474 1433 teque
1493 1371 1521 1418 in
1533 1371 1589 1420 Do·

302 1457 374 1505 mino
392 1455 572 1504 vehementer
590 1453 741 1515 exhortari,
766 1458 797 1502 ut
821 1467 881 1502 curn
898 1454 1045 1518 pristinam
1063 1457 1138 1501 tuam
1156 1453 1287 1502 virtutem
1305 1459 1388 1517 atquc
1407 1454 1588 1519 prudentiam,

302 1547 358 1590 turn
376 1545 499 1590 veterem
518 1540 626 1589 laudem
643 1540 778 1588 Malorum
797 1544 919 1601 tuorum,
944 1554 1057 1604 quorum
1082 1539 1109 1587 iu
1131 1537 1204 1587 hanc
1222 1544 1348 1588 sanctam
1367 1539 1465 1589 Sedem
1482 1556 1591 1607 semper

270 1625 432 1691 ¹⁰praeclara
451 1626 544 1675 extitit
560 1624 700 1686 voluntas,
721 1625 749 1672 in
767 1624 818 1674 hoc
837 1624 954 1673 maxime
974 1624 1064 1685 facto,
1084 1623 1136 1673 lroc
1154 1624 1291 1689 principue
1310 1628 1445 1689 tempore,
1465 1624 1590 1678 Concilio

302 1713 386 1761 totius
405 1711 561 1761 Germaniae
579 1725 721 1776 procerum
741 1714 852 1772 coacto,
873 1725 1044 1774 expromere,
1065 1714 1093 1759 et
1110 1710 1284 1774 perspicuam
1302 1710 1425 1759 omnibus
1444 1711 1537 1761 iacere
1557 1729 1590 1763 ae

303 1812 413 1846 causam
432 1802 535 1846 sancta}
554 1796 683 1844 Romanae
703 1796 831 1845 ecclesiae
850 1800 1010 1845 constanter
1028 1794 1099 1843 tueri
1119 1794 1250 1844 adversus
1273 1795 1474 1859 malignitatem
1493 1802 1520 1846 et
1538 1799 1590 1847 iui-

303 1898 356 1947 qna
375 1882 492 1932 consilia
510 1896 640 1930 novorum
657 1881 846 1930 hereticorum
864 1877 964 1942 vellcs;
983 1883 1014 1929 ut
1032 1884 1131 1945 proetcr
1149 1895 1262 1930 causam
1279 1881 1372 1944 Fidei,
1393 1882 1421 1931 in
1440 1883 1517 1933 cuius
1535 1885 1590 1933 sin·

304 1968 420 2017 ceritate
439 1972 521 2032 atque
539 1967 645 2016 unitate
665 1965 740 2015 salus
759 1966 876 2014 omnium
894 1970 1016 2016 nostrum
1036 1965 1177 2027 consistit,
1202 1967 1351 2015 communis
1375 1968 1459 2016 etiam
1476 1984 1530 2033 pax
1549 1973 1589 2018 at·

268 2054 354 2118 lique
373 2053 521 2103 concordia
539 2058 566 2102 te
586 2067 691 2117 quoque
711 2055 823 2101 auctore
843 2055 870 2100 et
888 2051 1033 2101 defensore
1051 2050 1195 2100 incolumis
1213 2056 1402 2100 conservetur:
1427 2054 1497 2117 quod
1515 2059 1590 2105 certe

303 2140 493 2202 dignissimum
513 2154 546 2187 ea
565 2154 618 2203 qua
638 2137 728 2203 fulges
747 2143 775 2186 et
794 2137 878 2186 animi
897 2143 924 2186 et
938 2136 1048 2203 generis
1061 2135 1222 2198 nobilitate,
1242 2136 1355 2201 Deoque
1369 2140 1591 2202 acceptissimum

302 2226 421 2274 futurum
442 2230 496 2285 est3
515 2224 594 2273 nobis
612 2239 691 2285 vero,
716 2224 834 2288 quitum
854 2222 1001 2273 Nobilitati
1021 2237 1054 2270 cx
1073 2222 1163 2271 animo
1182 2237 1289 2286 semper
1307 2221 1439 2285 favimus,
1464 2225 1589 2289 gratissi-

302 2325 387 2371 mum;
411 2310 485 2359 sicut
503 2316 593 2360 tecum
611 2309 695 2358 latius
714 2309 811 2358 dilecti
829 2308 880 2357 filii
898 2307 1022 2358 Marinus
1041 2304 1220 2357 caracciolus
1244 2312 1271 2357 et
1288 2308 1472 2372 Hieronymus
1489 2310 1589 2360 Alcan-

247 2450 250 2460 ,
302 2396 364 2457 der,
385 2395 488 2444 notarii
507 2400 534 2445 et
552 2395 646 2444 nuncii
665 2396 764 2456 nostri,
784 2400 877 2444 nostro
896 2394 1005 2443 nornine
1025 2399 1124 2459 agent,
1144 2392 1241 2457 quibus
1260 2407 1391 2441 summam
1410 2393 1489 2444 iidem
1507 2395 1590 2445 lt'obi-

267 2480 369 2530 2⁰litas
389 2485 438 2529 tua
456 2479 580 2530 habebit.
615 2482 718 2530 Datum
735 2479 829 2529 Romus
847 2479 892 2530 die
910 2493 968 2529 xvr.
981 2479 1051 2529 Maii
1071 2478 1144 2528 1521.
1163 2479 1241 2528 Anno
1259 2483 1365 2529 octavo.

1349 2563 1523 2630 [Sodomae]

372 2652 557 2700 Corrsimillimus
575 2652 675 2700 litteras
692 2652 767 2700 etiam
789 2649 825 2699 od
841 2652 905 2700 aiios
922 2651 1054 2714 principes
1071 2653 1194 2700 electores
1208 2652 1336 2714 pontificis
1354 2652 1449 2700 nomine
1467 2654 1590 2702 diorittea·

301 2740 349 2787 due
367 2740 393 2787 d.
408 2739 433 2786 t.
448 2736 517 2786 ,licii
531 2737 611 2786 eistad.
625 2754 649 2786 α.
662 2739 804 2801 scripserat
821 2737 966 2786 Sadolctus.
1004 2734 1047 2784 Cf.
1061 2734 1127 2784 ibid.
1142 2752 1167 2800 p.
1181 2733 1239 2785 tls.
1253 2751 1310 2801 sqq.

766 2961 801 2968 -—

312 3197 531 3264 [laosnroaarr.
851 3175 1039 3252 CCLXX.
1373 3205 1499 3277 Quae.
1514 3207 1572 3247 mn.

298 3267 555 3279 ....-—-—--

264 3370 290 3409 25
759 3354 919 3410 utculnrs
940 3353 1140 3410 sumemus

785 3456 1009 3497 uvnarussmo
1033 3456 1110 3496 vmo

673 3538 818 3589 oomno
837 3539 965 3589 mmm
984 3537 1226 3614 scmvnssumo

775 3623 877 3657 FRATRI
897 3623 948 3658 SVO
967 3621 1118 3657 Al'Allllth.

386 3730 512 3788 liicolmrs
535 3730 675 3787 tirrhelius
699 3731 724 3785 S.
749 3732 775 3786 in
798 3731 905 3787 t'llrristo
928 3732 996 3787 lesu.
1041 3732 1165 3787 Pervenit
1196 3733 1227 3788 ad
1255 3748 1297 3785 me
1326 3730 1420 3790 hodie,
1449 3749 1508 3787 curu
1540 3733 1589 3787 iarn

265 3818 439 3892 ³⁰prandcre
461 3817 616 3891 cepissem.
640 3816 834 3872 Burtolommus
859 3827 920 3872 tuus
938 3859 1366 3871 ...................
1392 3816 1469 3872 Vides
1490 3826 1590 3891 qrrsnts

300 3902 418 3958 scribam
441 3903 588 3962 celeritate.
613 3903 659 3957 sed
683 3910 771 3957 [arrisu
793 3902 882 3975 aliqua
905 3902 1034 3958 mliiciam.
1063 3903 1117 3957 Leo
1140 3901 1169 3957 Χ.
1192 3902 1220 3956 l‘.
1244 3903 1276 3957 ll.
1300 3902 1351 3958 vita
1374 3902 1516 3958 defunctus
1539 3912 1589 3958 est.

302 3989 367 4061 quid
392 3988 583 4048 futurorum,
617 3997 645 4043 tn
667 3988 765 4059 cogita,
811 3987 887 4060 Apud
916 4004 966 4043 uos
996 3995 1059 4043 sunt
1081 3988 1179 4042 diversi
1203 3995 1230 4042 et
1252 3988 1317 4041 varii
1341 3996 1438 4042 motus
1484 3988 1526 4044 hic
1549 3997 1591 4043 est

301 4092 373 4129 unus
396 4082 443 4129 srrt
465 4073 534 4128 alter
557 4073 603 4145 qni
626 4072 693 4128 leuc
717 4070 780 4129 volit
802 4073 972 4128 sacerdotum
997 4073 1093 4129 ordini.
1138 4073 1273 4128 Hnttenus
1295 4073 1503 4134 strenuorum,
1528 4074 1590 4146 quia

302 4158 420 4231 imagine
449 4176 499 4214 suo
529 4176 579 4231 pro
612 4157 754 4230 anitergiis
776 4158 819 4212 usi
841 4166 918 4219 surrt,
949 4158 976 4213 iu
1004 4158 1110 4214 tlturlnrs
1139 4157 1257 4213 millibus
1286 4175 1429 4213 erucarum
1452 4176 1588 4214 nummum

267 4244 437 4300 omullo-it.
483 4244 558 4316 Aliud
581 4259 632 4299 nos
654 4242 721 4298 nilril
744 4244 882 4317 estquod
906 4252 931 4298 tc
955 4243 1090 4299 oblectare
1113 4242 1201 4317 possit
1225 4284 1537 4298 ..............
1560 4244 1588 4300 ln

300 4329 393 4402 vigilia
415 4328 525 4384 llromae
547 4328 679 4402 Apostoli.
703 4344 815 4385 uoxxr.

299 4511 581 4563 CCLXX.crsrvau
594 4507 598 4574 Ι
612 4526 807 4562 srrsrouravrr
821 4509 824 4576 Ι
839 4512 1077 4577 'theologicarum
1090 4509 1094 4574 1
1107 4511 1141 4561 ad
1155 4513 1159 4578 Ι
1174 4520 1286 4557 rosum
1298 4512 1505 4575 scansurum!
1519 4511 1590 4563 Ante

296 4599 392 4649 Annos
416 4614 499 4648 ιω.
518 4594 705 4648 Ecclsliarum
724 4594 923 4663 ll21lul'tril'simi
947 4599 1072 4647 Ducatus
1089 4598 1231 4663 Bipontini
1247 4595 1251 4663 Ι
1267 4595 1427 4648 Praelidem:
1451 4595 1517 4661 lire.
1534 4592 1539 4664 Ι
1554 4614 1589 4647 cx

367 4697 567 4733 rrroenarnm
584 4698 737 4734 arronrms
752 4683 756 4748 Ι
770 4700 819 4749 per
833 4685 970 4749 Caspiorum
988 4684 1125 4733 lt'r'ttettum
1139 4681 1144 4749 Ι
1161 4687 1327 4730 monstrt.
1343 4682 1348 4748 Ι
1362 4682 1398 4731 8⁰.
1417 4697 1443 4731 n.
1457 4683 1519 4733 ΠΧ.

874 4784 899 4833 p.
913 4767 1017 4818 22:26.

366 4902 387 4937 ³¹
408 4903 556 4956 defunctus
576 4902 627 4972 est]
647 4906 703 4956 kal.
717 4905 864 4956 Decembr.
879 4921 903 4954 a.
919 4903 992 4953 1521.

748 5090 1141 5109 4-
