3934 6034
523 705 720 757 cccxxxut.
740 721 858 757 srouors
872 721 974 756 narsus
988 721 1130 756 snvsasrs
1143 720 1315 757 asraaoruss
1329 722 1460 757 nvrrsus.
1559 692 1632 763 265

356 899 408 954 ego
432 888 495 955 post
523 881 625 937 obitum
649 881 758 937 lluttcni
782 882 927 956 Spongiam
956 881 1098 943 ediderim,
1131 881 1281 955 praesertim
1310 899 1392 955 quum
1421 882 1530 938 llutteni
1559 900 1632 939 mors

355 968 449 1028 tuerit,
482 974 511 1022 ut
539 966 675 1028 scribunt.
705 967 810 1022 subita?
838 967 958 1041 Supputa
983 974 1089 1040 tempus
1111 984 1165 1040 quo
1188 983 1282 1022 rumor
1309 967 1361 1023 buc
1387 968 1548 1024 adimendus
1576 975 1702 1025 erastus

355 1053 435 1107 etiam
460 1070 508 1126 per
530 1053 710 1113 veredarium,
738 1061 765 1108 ct
789 1052 889 1126 inspice
911 1052 980 1108 diem
1005 1069 1058 1125 quo
1082 1051 1132 1106 imu
1155 1053 1243 1107 missae
1265 1060 1342 1107 erant
1365 1053 1490 1115 sarcinae,
1519 1071 1572 1109 non
1596 1054 1635 1109 in·

356 1138 446 1192 venies
470 1145 588 1211 quatuor
611 1137 690 1192 boras
713 1138 745 1192 ad
768 1137 895 1195 edendum
919 1136 1081 1210 Spongiam:
1107 1137 1156 1191 iam
1179 1137 1241 1192 binc
1256 1137 1358 1193 aestima
1374 1145 1503 1212 quantum
1520 1139 1635 1194 babeant

331 1223 455 1277 alrontis
478 1223 523 1296 qui
546 1222 603 1278 banc
626 1222 732 1278 iactant.
771 1222 842 1295 qnod
866 1222 888 1276 si
912 1221 1062 1295 prodiderit
1085 1238 1144 1277 sese
1163 1222 1195 1277 dc
1212 1240 1266 1295 quo
1282 1223 1418 1297 suspicor,
1442 1224 1541 1279 sentiet
1556 1241 1634 1297 qnam

355 1324 408 1362 non
432 1316 491 1363 toto
514 1316 624 1382 pectore
647 1308 749 1363 oderim
772 1306 926 1362 lluttenum.
970 1305 1134 1368 benevale,
1157 1306 1257 1368 lector,
1281 1316 1308 1363 et
1329 1318 1424 1365 nostro
1448 1308 1635 1365 maledoctus

352 1409 426 1467 sape.

807 1503 1183 1523 *-

365 1674 564 1755 [Bt-lffl
851 1657 1136 1736 CCCXXXIH.
1249 1676 1380 1759 -l-com
1395 1695 1422 1728 ss.
1437 1678 1617 1745 ara.s,·rsra.]

502 1831 660 1892 Sl‘ONGla
684 1831 820 1893 ElttSlll
843 1831 1033 1893 ADVERSVS
1055 1830 1285 1893 ASPERGlNES
1313 1831 1486 1894 HVTTENl.

898 1953 1089 1962 ——.

790 2018 828 2068 IN
851 2018 1036 2069 srounlau
1056 2019 1201 2070 ERASMI.

530 2107 633 2175 Qualis.
656 2107 777 2169 Emsue,
803 2116 846 2162 tua
870 2117 912 2163 est
934 2108 991 2164 baec
1014 2108 1146 2184 Spongia,
1170 2126 1221 2183 que
1244 2110 1324 2164 modo
1346 2127 1407 2166 cunr
1431 2118 1456 2167 te

599 2193 754 2265 abstergis,
777 2210 845 2254 non,
869 2201 912 2255 ut,
934 2194 1075 2255 candidus.
1099 2202 1177 2255 ante,
1200 2194 1285 2259 nites;

527 2278 581 2333 lmo
604 2296 652 2352 por
674 2278 812 2335 abstersos
835 2276 946 2334 livorem
967 2279 1106 2335 contrahis
1128 2288 1212 2341 artus.

598 2363 740 2419 nominor
763 2362 880 2419 indecori
904 2363 990 2436 gratia
1013 2363 1109 2419 deiude
1132 2364 1197 2420 tibi?

321 2467 345 2504 rs
528 2449 643 2522 Aspersa
666 2448 750 2503 satius
773 2448 854 2504 luerit
876 2456 942 2523 puto
966 2447 1025 2504 labe
1047 2449 1144 2510 notari,

599 2533 681 2601 Quam
705 2532 751 2589 tali
775 2541 801 2588 te
824 2534 861 2589 sic
884 2532 1048 2589 emaculasse
1071 2535 1159 2589 modo.

739 2630 858 2681 Euricnrs
877 2632 974 2681 Cordus
993 2630 1219 2695 (Epigrammatum
1237 2634 1282 2685 Vl.
1302 2632 1326 2682 8.
1347 2633 1417 2699 Opp.
1433 2636 1533 2700 poetic.
1555 2637 1599 2686 Fi.

809 2713 935 2805 156183.
957 2716 1004 2765 fot.
1027 2714 1096 2766 177⁵.
1116 2717 1258 2769 Helmaest.
1278 2717 1350 2767 1616.
1368 2717 1405 2767 8⁰.
1424 2736 1449 2784 p.
1463 2718 1534 2783 325.)

902 2920 1024 2971 PVBGA
1032 2921 1090 2971 TIO

766 3004 926 3064 ERASMI
954 3006 1227 3067 ROTERODAMI

820 3101 861 3142 an
879 3100 1172 3144 arrosrrsrrmssu

831 3174 959 3224 Vturcl
977 3175 1159 3225 HVTTENI.

441 3297 526 3355 Nunc
551 3298 673 3354 uicissim
702 3294 788 3360 aredi,
818 3296 845 3352 si
869 3302 968 3364 ruent,
996 3295 1142 3355 rhetorem
1169 3296 1346 3359 laconicum
1372 3302 1481 3361 Asturco
1508 3308 1691 3378 respon-§.¹-

354 3401 484 3463 dentem.
508 3416 563 3457 non
587 3398 713 3455 breviter
734 3396 833 3463 modo,
857 3412 955 3455 nerum
980 3399 1067 3456 etiam
1089 3401 1228 3459 civiliter:
1259 3402 1396 3461 *teritum
1418 3407 1494 3463 enirn
1511 3409 1637 3481 spongia

317 3502 524 3567 ssdetersnrus
544 3516 607 3559 sum
629 3517 695 3574 qam
714 3502 763 3558 ure
784 3501 814 3557 in
837 3515 882 3559 me
903 3501 1044 3573 aspersit,
1067 3494 1165 3561 *rudit
1185 3511 1281 3563 autem
1302 3506 1457 3566 criminum
1484 3515 1537 3566 aut
1561 3524 1636 3568 con-

353 3607 492 3663 viciorum
515 3606 545 3660 r'n
563 3604 767 3661 adsrersorr'rm
791 3618 935 3674 regerem.
979 3597 1123 3662 *dabitur
1144 3605 1199 3664 boe
1221 3608 1266 3665 rel
1285 3610 1422 3667 amicitiae
1435 3612 1574 3684 pristiam
1592 3613 1637 3669 nel

353 3723 426 3766 mccc
450 3714 602 3781 perpetum
629 3704 841 3764 consuetudini.
885 3698 977 3762 *Scio
1005 3705 1150 3778 nonsart
1176 3714 1368 3783 contemptum
1395 3709 1516 3772 Iluttenr'
1539 3718 1690 3786 pene-tr.

648 3887 844 3939 cccxxxnl.
876 3889 1046 3967 Vide-indic.
1060 3891 1188 3959 bibliogr.
1202 3909 1228 3941 n.
1241 3893 1341 3944 XLW.

1158 3965 1205 3971 -—-
1225 3966 1231 3971 -
1255 3966 1447 3975 .——-—-—-.

421 4029 427 4061 ¹
449 4028 590 4079 mdiderim
605 4031 661 4076 !.2.
715 4024 724 4056 ⁴
743 4026 881 4075 mdendsm
902 4028 924 4075 1.
933 4029 959 4076 2.

420 4113 444 4168 *t
459 4116 512 4164 tJbi
524 4112 539 4143 *
551 4115 641 4179 posui,
661 4112 827 4162 conferenda
846 4117 888 4161 est
901 4112 974 4162 inira
988 4114 1108 4177 repetita
1121 4113 1271 4165 anfetsri
1284 4119 1433 4183 responsio.
1473 4116 1495 4150 ²⁴
1504 4118 1635 4187 breviter]

353 4202 434 4265 duplo
448 4200 536 4249 maior
548 4204 590 4248 est
603 4199 661 4248 hare
670 4196 791 4263 Spongia
804 4212 884 4261 quam
897 4198 1050 4247 Huttcnicn
1063 4198 1255 4263 expostulatio.
1281 4202 1400 4267 Egregie
1414 4203 1567 4255 deErasmo
1580 4207 1636 4255 ine-

355 4293 420 4335 unte
435 4302 505 4334 anno
514 4284 669 4334 ntlrxvlll.
678 4282 711 4331 ad
719 4282 776 4330 loa.
784 4281 948 4332 Grolierium
961 4283 1113 4348 scripserat
1125 4284 1253 4350 Baptista
1265 4286 1401 4352 Egnatius
1418 4288 1518 4350 „homo
1532 4290 1636 4356 alioqui

354 4371 451 4421 doetus
466 4386 525 4419 cum
539 4384 707 4419 numerorum
721 4368 855 4416 rationem
868 4382 921 4416 non
934 4368 1018 4432 probe
1032 4368 1135 4418 callent
1153 4376 1178 4418 et
1195 4372 1332 4434 scriptione
1349 4374 1426 4421 multa
1442 4390 1470 4423 se
1487 4375 1594 4426 oblectet
1611 4385 1637 4427 et

354 4457 404 4505 sibi
412 4460 470 4520 plus
482 4472 554 4521 (0000
572 4460 685 4518 placent,
705 4453 767 4502 dum
786 4452 864 4501 modo
878 4451 982 4516 aliquid
996 4453 1073 4513 edat,
1095 4454 1158 4518 qnid
1177 4455 1287 4505 tandem
1305 4456 1381 4506 dieat
1398 4472 1452 4507 non
1470 4460 1540 4509 satis
1557 4463 1637 4526 pensi

354 4542 460 4591 babuit.
496 4541 539 4589 Ita
558 4540 588 4588 lit
606 4545 635 4587 ut
653 4539 713 4588 dum
733 4537 875 4587 vorborum
895 4538 982 4602 copiae
1001 4538 1108 4600 studet,
1127 4540 1215 4590 minus
1234 4556 1277 4589 res
1296 4540 1432 4591 observet.
1469 4544 1564 4609 quodsi
1582 4563 1636 4596 ma·
1686 4547 1690 4554 '

354 4633 446 4675 tutare
466 4625 518 4674 sibi
538 4629 680 4689 patoretur
697 4623 799 4671 diutius
819 4637 852 4670 ca
871 4637 930 4686 quse
949 4624 1082 4688 parturit,
1106 4630 1217 4688 parerat
1240 4624 1287 4676 ille
1311 4642 1384 4692 saepe
1404 4643 1451 4677 eos
1468 4627 1569 4680 liberos
1588 4633 1634 4697 qni

355 4718 383 4761 et
396 4711 496 4761 vitales
510 4714 616 4770 essent,
637 4725 687 4757 nec
702 4707 795 4757 vitiosi
814 4705 856 4754 illi
876 4711 904 4754 et
921 4707 1040 4757 morbosi
1058 4723 1131 4772 saepc
1150 4709 1179 4758 in
1196 4708 1285 4760 lucem
1303 4711 1469 4776 prodirent’'.
1505 4714 1635 4775 (Philolo-

355 4797 441 4859 gicar.
458 4794 598 4861 epistolar.
614 4799 685 4842 cent.
700 4793 741 4841 ed.
756 4808 788 4840 ex
801 4790 868 4840 bibl.
883 4790 1019 4841 Goldasti.
1040 4793 1116 4857 lrips.
1133 4792 1205 4844 1674.
1225 4792 1261 4844 8⁰.
1286 4813 1312 4861 p.
1328 4795 1396 4858 151.)
1421 4797 1487 4846 Cum
1507 4799 1558 4849 lrac
1578 4803 1634 4867 epi·

353 4879 427 4930 stula
445 4882 468 4929 si
487 4880 657 4929 Erasiniemn
677 4878 710 4926 ad
730 4876 844 4925 eundem
863 4875 1028 4926 Grolierium
1047 4877 1072 4927 d.
1086 4878 1127 4927 24.
1141 4879 1229 4943 April.
1245 4879 1317 4930 1518.
1337 4881 1430 4931 datam
1454 4880 1539 4945 (Itu.
1561 4886 1633 4937 trun.

353 4964 400 5015 fol.
420 4982 444 5029 p.
458 4963 515 5014 tiu.
528 4981 586 5028 sqq.
605 4980 631 5012 n.
644 4962 758 5024 cccxii.)
778 4960 940 5022 contuleris,
962 4962 1046 5011 etism
1065 4962 1154 5027 qualis
1172 4965 1277 5015 amicus
1295 4966 1494 5018 Roterodamns
1512 4985 1573 5021 esse
1592 4988 1633 5022 so·

352 5051 435 5111 leret,
457 5049 607 5114 exemplum
627 5064 658 5096 ex
678 5046 770 5111 multis
789 5061 869 5095 unum
887 5045 1012 5097 habebis.
