3934 6034
386 696 458 769 306
557 711 754 764 cccxxxtn.
775 729 893 764 seosots
907 730 1009 764 essens
1022 730 1164 765 normes
1177 730 1348 765 nseuaoxsns
1362 728 1493 765 annosus.

319 891 385 943 §2⁷⁴-
397 905 416 945 a
429 889 582 962 pontifice,
601 889 651 945 eui
668 887 862 961 iampridem
880 888 985 947 bellum
1002 888 1120 947 indicit.
1155 888 1247 957 (lirion
1265 890 1405 946 atrociter
1421 894 1518 946 autina
1535 886 1674 957 eeooirm

386 990 466 1065 qaod
486 989 597 1048 oticabi
622 991 732 1064 scripsi
760 990 824 1047 b'an
855 1007 971 1063 semper
992 1008 1054 1048 esse
1079 990 1295 1063 proferendam
1316 992 1480 1059 ceritatem,
1512 996 1542 1046 et
1570 988 1674 1059 mopni

385 1092 503 1164 referre
531 1107 588 1165 onio
617 1093 702 1150 mado
725 1092 912 1166 proferatur.
957 1092 1061 1162 ‘Oreum
1088 1098 1167 1151 tuam
1190 1093 1367 1164 sacrilepam
1389 1089 1493 1149 trocem'
1516 1092 1613 1163 inquit
1633 1090 1671 1146 ‘in

385 1196 527 1268 ‘inanium
546 1196 647 1266 recepi
662 1196 793 1267 oportuit
821 1189 894 1274 (iarn
919 1196 996 1253 enim
1019 1196 1228 1254 stamacbosins
1245 1195 1304 1273 *liae
1325 1212 1370 1253 me
1389 1196 1488 1266 eloqui
1509 1210 1558 1251 res
1579 1187 1672 1265 capit)

385 1300 421 1355 ‘si
436 1296 568 1369 officium
585 1295 678 1354 debite
693 1295 833 1367 facerent
847 1298 899 1369 atei
915 1296 1069 1356 haereticas
1083 1299 1128 1354 uel
1139 1297 1182 1354 ad
1193 1300 1423 1356 recordationem
1438 1296 1567 1369 adipunt
1583 1309 1695 1363 nanos

318 1406 386 1455 §.ms
398 1401 452 1457 ‘uel
472 1401 501 1456 in
519 1400 614 1470 ionem
635 1396 811 1456 coniicinnt'.
834 1398 964 1457 Cbristus
977 1401 1109 1472 primum
1125 1400 1228 1471 lepans
1248 1402 1393 1474 apostolos
1411 1399 1455 1456 ad
1468 1397 1671 1470 eaonpelicom

384 1501 642 1576 pradicationem,
664 1501 753 1557 uetuit
775 1516 812 1557 ne
830 1501 991 1574 proderent
1011 1518 1042 1558 se
1062 1517 1124 1559 esse
1142 1500 1298 1560 Ciristnm.
1331 1501 1366 1559 Si
1382 1502 1490 1559 ueritas
1506 1501 1574 1574 ipsa
1591 1498 1674 1556 iussit

386 1619 452 1663 eam
475 1604 624 1661 acritatem
646 1601 689 1658 ad
714 1608 827 1676 tempus
847 1605 942 1668 sileri,
971 1606 1049 1661 citra
1070 1605 1154 1662 cuius
1179 1607 1371 1675 inanitionem
1393 1621 1431 1663 oc
1455 1600 1671 1677 professionem

387 1709 462 1766 nulli
481 1706 622 1777 continuit
641 1706 737 1775 salas,
764 1704 837 1777 ataid
857 1707 924 1763 noni
943 1706 970 1762 si
993 1721 1047 1777 epa
1070 1706 1137 1763 disi
1156 1706 1267 1764 celicubi
1288 1706 1533 1782 supprimendam
1558 1704 1672 1762 nerito-

300 1815 386 1895 num.
398 1804 475 1869 tem?
495 1807 578 1866 Idem
600 1821 697 1864 norrrte
716 1808 797 1864 siluit
817 1808 902 1881 aprrd
920 1810 1094 1865 sceleratum
1118 1810 1286 1881 concilium,
1305 1810 1386 1883 qaod
1403 1811 1516 1868 coierat
1534 1808 1565 1864 in
1588 1804 1705 1878 domam

388 1914 484 1970 Annae
502 1917 531 1969 et
550 1905 693 1982 Coipbce?
716 1907 759 1966 ‘Si
779 1905 893 1967 dinero’
916 1912 1010 1982 irtqnit
1031 1910 1131 1980 nubis,
1153 1926 1210 1967 nan
1233 1912 1359 1970 credetis
1379 1907 1469 1970 mibi.
1515 1909 1673 1965 Veritatem

389 2015 523 2073 dicturus
553 2017 633 2079 erat,·
662 2027 739 2083 qirntr
766 2011 856 2082 ipitnr
881 2006 983 2068 siluit?
1013 2014 1083 2084 qnia
1110 2013 1220 2071 sciebat
1251 2015 1362 2072 rinellum
1392 2012 1462 2085 sare
1489 2007 1672 2085 profectum.

321 2122 387 2172 §att
400 2116 501 2174 Nonne
520 2115 654 2172 similiter
674 2111 793 2170 obticuit
813 2110 1077 2186 apridllerodcm?
1097 2113 1142 2172 Sit
1157 2131 1268 2188 parurn
1292 2115 1347 2172 boc
1369 2116 1451 2173 illum
1471 2111 1596 2183 secisse,
1618 2109 1676 2167 nisi

389 2219 487 2276 docuit
508 2218 549 2273 ito
568 2214 760 2287 faciendum:
794 2212 904 2273 ‘Nolite'
930 2217 1024 2287 inqtdt
1052 2219 1193 2274 ‘sonetum
1216 2218 1292 2275 dare
1315 2216 1451 2286 canibus,
1474 2217 1564 2273 nolite
1586 2228 1673 2271 rnor-

320 2330 387 2381 §.ms
396 2321 515 2393 paritas
534 2317 659 2375 abiicere
677 2314 796 2390 poreis'.
821 2316 911 2386 (berem
933 2317 1012 2375 iubet
1026 2321 1170 2391 apostotos
1188 2321 1337 2391 emiprare
1355 2336 1371 2377 e
1389 2320 1519 2387 ciuitate,
1553 2332 1624 2390 arrae
1644 2330 1706 2372 seu

383 2422 520 2499 probent
539 2419 693 2491 indipnam
715 2421 884 2491 eeanpelieo
906 2435 1054 2477 sermone:
1073 2437 1169 2478 nonne
1188 2423 1276 2478 silere
1298 2420 1376 2478 iubet
1392 2421 1471 2493 quad
1491 2433 1595 2477 ererum
1612 2410 1675 2474 est?

387 2526 492 2583 Petrus
520 2524 550 2579 in
572 2522 681 2595 primis
702 2523 760 2579 illis
787 2524 847 2579 suis
872 2522 1058 2579 coricionibus
1082 2522 1229 2580 t'bristam
1254 2524 1347 2580 airum
1377 2524 1554 2596 appellauit,
1587 2518 1674 2577 deum

387 2629 493 2691 tueait:
521 2624 599 2682 idem
622 2622 698 2695 fecit
722 2622 835 2680 Paulus
857 2623 941 2697 trprrtd
963 2624 1160 2682 Athenienses.
1202 2625 1315 2682 Pardus
1340 2626 1470 2697 loquitur
1497 2622 1675 2697 sapientiora

388 2732 464 2787 inter
481 2724 634 2801 perfectas
656 2726 753 2798 ntique
773 2741 886 2790 ueram,
909 2728 986 2783 inter
1007 2725 1163 2784 imbecilles
1185 2729 1276 2799 ipitnr
1297 2728 1363 2784 silet
1389 2726 1470 2799 arrad
1496 2740 1599 2784 timim
1623 2727 1675 2780 est.

321 2847 386 2897 §.ms
401 2831 511 2888 Paulus
526 2829 670 2902 apostolas
684 2833 769 2885 nracnt
784 2827 999 2901 elispensatmes
1017 2829 1219 2900 mysteriorum
1241 2828 1306 2886 dei:
1325 2830 1378 2901 arii
1396 2828 1558 2901 dispensat,
1580 2839 1709 2883 nanneno

390 2931 525 3005 qaudam
542 2932 664 3003 promit,
691 2929 827 3003 astudam
850 2931 996 3000 recondit,
1024 2936 1170 3002 rrtermque
1189 2932 1282 3003 pascit
1305 2928 1459 3003 profectus
1482 2920 1677 2988 auditorum?

305 3051 312 3062 ·
391 3034 451 3092 Cur
464 3031 678 3092 conclamaris
695 3046 752 3088 tran
768 3033 863 3088 statim
882 3031 1093 3105 operiebantur
1106 3034 1203 3090 arania
1217 3034 1355 3105 mysteria
1370 3030 1570 3105 pbilosupbire
1586 3029 1678 3087 Cirri-

321 3131 529 3201 sosnstianee?
550 3136 621 3208 ardo
643 3132 771 3191 rrondnm
793 3140 881 3191 erant
902 3149 1037 3207 capaces.
1075 3133 1115 3190 tn
1136 3140 1232 3191 tranen
1254 3134 1302 3192 iric
1321 3150 1378 3191 nan
1398 3133 1542 3207 loquebar
1561 3132 1599 3190 de
1620 3147 1677 3188 or-

389 3241 485 3298 ticalis
500 3237 585 3309 fidei,
608 3236 662 3293 sed
677 3236 714 3293 de
728 3235 896 3308 paradoais
910 3235 1045 3306 Lutberi,
1064 3236 1157 3309 deoru
1170 3237 1307 3294 comiciis
1324 3237 1355 3292 in
1369 3237 1547 3308 pontificem.
1582 3232 1679 3305 Finpe

389 3342 462 3399 mibi
482 3346 616 3398 caristare
634 3336 744 3409 sestam
761 3335 886 3409 poscbrc
908 3352 965 3394 nan
988 3352 1041 3394 sna
1069 3338 1117 3395 die
1145 3337 1303 3409 celebrari,
1333 3344 1430 3395 utrum
1453 3336 1579 3411 capedit
1610 3349 1710 3396 comm

321 3444 550 3508 §.minoritatem
568 3455 674 3512 mapno
696 3437 775 3497 orbis
796 3440 919 3496 tumultu
942 3437 1105 3510 defendere
1126 3455 1165 3496 an
1187 3435 1297 3498 silere?
1319 3439 1353 3497 Si
1370 3439 1444 3497 milri
1464 3439 1551 3514 apud
1568 3445 1679 3513 tyron-

390 3561 458 3603 nmn
475 3536 686 3617 propalantem
707 3548 781 3598 esset
801 3541 920 3612 apeudo
945 3556 1039 3598 causo
1061 3543 1234 3610 innocentis,
1263 3558 1332 3601 num
1358 3545 1457 3600 omnia
1479 3557 1553 3600 uero
1572 3541 1680 3615 pralo-

389 3664 467 3721 oaar
488 3653 516 3704 et
536 3659 658 3703 cansam
679 3644 839 3701 innocentis
855 3642 1002 3716 prodam,
1026 3660 1064 3700 nn
1087 3645 1178 3701 rnnlta
1199 3639 1343 3702 reticebo?
1362 3643 1511 3701 liuttenus
1526 3646 1573 3701 air
1587 3643 1681 3714 sortis

389 3766 427 3805 ere
448 3748 577 3805 ueritatis
597 3747 798 3804 tenacissimus
817 3746 860 3802 sic
882 3753 984 3817 aperet
1004 3747 1122 3818 opinor,
1156 3744 1392 3802 ‘Sceleratissime
1420 3753 1565 3819 tpranne,
1590 3758 1680 3818 arram

390 3855 440 3908 ‘tot
459 3852 535 3907 eires
560 3857 587 3906 te
606 3850 739 3906 meliores
760 3845 918 3916 occideris,
950 3848 1078 3905 nandum
1101 3853 1236 3903 saturata
1260 3855 1304 3904 est
1330 3854 1381 3904 tua
1405 3848 1585 3919 crudelitas,
1622 3846 1682 3904 nisi
1688 3865 1713 3906 n

392 3952 479 4009 ‘brurc
499 3953 679 4008 innocentem
708 3950 793 4006 tollas
820 3964 837 4006 e
864 3943 993 4005 mediai’
1025 3965 1118 4020 neqree
1139 3952 1228 4007 nrrrlto
1249 3948 1402 4006 dexterius
1431 3948 1555 4022 quidam
1586 3954 1683 4022 ayunt

392 4069 513 4111 euersam
531 4051 746 4121 bumannum,
769 4051 821 4121 qui
840 4050 984 4107 seditiosis
1004 4052 1109 4108 libellis
1127 4049 1348 4108 debacebantar
1362 4052 1392 4109 in
1411 4049 1582 4110 Romanurn
1600 4067 1682 4126 pon-

322 4172 389 4221 §.mn
402 4158 516 4226 trfieenr.
556 4155 615 4212 Atat
634 4154 662 4211 si
680 4154 730 4210 cai
748 4154 811 4209 niro
833 4152 905 4208 lirina
924 4152 961 4208 ab
982 4154 1072 4225 impio
1092 4152 1233 4225 pontifice
1258 4158 1417 4209 conaretur
1439 4154 1605 4226 impetrare
1626 4169 1683 4210 sa-

391 4258 567 4325 eerdatium,
588 4253 728 4314 scriberet
745 4253 824 4311 lirino
846 4255 875 4309 in
898 4254 1030 4324 maeleim,
1066 4252 1170 4327 ‘Impia
1195 4253 1386 4324 Antichristo
1411 4257 1563 4313 extinctor
1583 4271 1682 4314 erron-

391 4362 482 4431 ‘pelii
511 4357 642 4432 publica*
672 4356 815 4414 libertatis
846 4370 1016 4427 oppressor,
1049 4355 1188 4413 adulator
1215 4356 1404 4428 principum,
1438 4363 1479 4414 tot
1506 4357 1715 4416 sacerdotium

392 4461 536 4535 ‘turpibus
557 4462 683 4533 turpiter
707 4459 801 4515 darios
821 4472 859 4513 ae
880 4458 996 4529 turpius
1018 4456 1132 4526 tundis,
1160 4456 1201 4513 da
1222 4456 1292 4515 buia
1311 4457 1384 4514 bona
1409 4459 1473 4515 niro
1495 4460 1552 4518 boc
1573 4476 1684 4518 saeer-

391 4563 525 4631 datium,
547 4577 584 4619 ne
605 4562 682 4618 male
703 4561 825 4617 colloces
845 4560 963 4615 ornnia'.
1007 4558 1111 4629 Rides,
1133 4559 1239 4616 lector:
1266 4565 1395 4617 attamen
1416 4560 1467 4617 isti
1487 4562 1583 4620 nibilo
1601 4580 1685 4637 prn-

322 4666 517 4726 §.ssndentins
539 4674 631 4735 repient
652 4663 803 4734 nepacium
830 4661 1040 4732 ec’onpetiemn.
1075 4658 1136 4717 b'er
1161 4665 1257 4717 tranen
1288 4660 1356 4717 disi
1384 4676 1498 4719 ornnem
1529 4666 1684 4723 ueritatem

389 4768 548 4837 silernlnm,
582 4781 637 4823 nco
662 4770 818 4838 perpetua,
851 4764 905 4820 sed
928 4762 1052 4820 alieubi.-
1079 4778 1118 4818 tttl
1147 4778 1292 4834 nimquam
1321 4763 1480 4821 tacerulnm
1514 4773 1570 4838 est,
1605 4766 1687 4841 quod

456 4970 466 5001 ²
485 4967 576 5032 magd
597 4969 709 5031 Expost..
724 4967 746 5024 §-
765 4964 818 5013 listi.
877 4963 887 4994 ⁷
906 4965 1011 5024 Esuug.
1026 4978 1082 5010 see.
1097 4963 1194 5011 blattis.
1209 4962 1329 5012 xvtftb.
1397 4962 1414 4994 '¹
1435 4965 1465 5012 Si
1484 4965 1554 5031 dix]
1576 4970 1685 5036 Esang.

389 5073 444 5107 sec.
459 5058 525 5104 Luc.
542 5054 628 5102 xxti.
642 5051 683 5101 bt.
720 5045 1098 5113 “Nolitelblottiub'11.(i.¹·''
1134 5049 1272 5096 Consua.
1307 5046 1686 5113 ²⁰Paul.]1.ao00r.1v.t.
