3934 6034
446 710 602 761 cccxctl.
617 723 805 760 sensnuonrn
818 724 855 759 nn
867 722 970 759 curent
983 722 1126 757 nrnnnnvtr
1139 720 1220 756 rrsrn
1234 719 1371 762 urrunnu.
1386 719 1466 754 rnen.
1482 712 1539 753 tuat.
1560 689 1633 760 447

367 962 596 1031 [reensionem-l
829 944 1166 1021 CCCLXXXXII.
1382 979 1409 1013 n.
1424 979 1504 1013 rson-
1518 977 1542 1013 a.
1559 973 1616 1013 ι-ιτιι.

348 1034 626 1044 -.-...-—--—
1362 1035 1633 1044 —-——

789 1121 918 1178 tttlt'tudl
939 1122 979 1177 ΑΒ
1001 1119 1189 1177 turturinum*

507 1221 579 1270 nt)
597 1219 731 1270 ERASMI
751 1219 992 1270 ROTERODAMI
1010 1219 1200 1269 LIBELLVM
1218 1215 1278 1267 CVI
1298 1218 1453 1267 Tt'rvnt‘s

490 1300 650 1343 Anrrnsrs
663 1300 853 1343 trenorcium
863 1299 906 1341 nr
917 1299 1194 1342 onrnecrarronnar
1209 1298 1308 1340 Vernis
1320 1299 1492 1342 Aoruoa‘rrro

327 1389 341 1428 5
854 1375 949 1417 1vsrn
977 1374 1134 1425 ovenses.

436 1498 501 1554 Cum
528 1514 615 1572 nuper
635 1498 759 1568 Augusta
779 1496 978 1553 vindelicorum
1007 1514 1021 1551 a
1050 1495 1167 1552 comitiis
1196 1495 1387 1551 Germanorum
1415 1495 1566 1571 principum
1595 1515 1636 1553 re·

351 1583 477 1645 bissem,
500 1600 549 1656 per
565 1582 679 1638 amicum
695 1582 802 1637 oblatus
819 1590 860 1637 est
876 1580 984 1637 libellus
1001 1580 1101 1636 Erasnri
1122 1580 1308 1644 lloterodami,
1325 1581 1351 1636 in
1368 1598 1422 1655 qno
1439 1581 1522 1637 risum
1540 1581 1577 1637 illi
1594 1591 1636 1638 est

353 1669 449 1723 lauram
465 1686 549 1723 meam
566 1666 742 1729 labefactare,
760 1666 784 1722 id
801 1667 872 1741 qnod
888 1666 988 1740 duplici
1004 1666 1112 1722 nominc
1127 1665 1192 1721 inihi
1210 1673 1378 1721 himnorum
1396 1674 1451 1721 tum
1469 1667 1635 1741 inopinatum

352 1754 418 1809 luit:
440 1754 556 1826 primum
580 1751 615 1808 ob
636 1752 806 1808 concordiam
831 1753 881 1808 iarn
904 1752 1007 1825 pridem
1031 1751 1138 1813 initam,
1167 1750 1264 1806 dehinc
1285 1751 1357 1824 quod
1377 1769 1408 1805 ex
1432 1752 1552 1824 Augusta
1575 1752 1636 1808 illu·

320 1839 504 1898 mstrissimus
524 1837 670 1911 Georgius.
695 1838 817 1893 Saxoniae
839 1838 906 1899 dux,
930 1845 956 1892 et
978 1854 1039 1893 eum
1062 1854 1109 1892 sna
1127 1834 1287 1892 celsitudine
1309 1853 1458 1908 generosus
1478 1844 1505 1892 et
1524 1838 1637 1893 eximius

353 1923 399 1979 ille
421 1924 462 1978 rir
488 1923 571 1979 lulius
593 1923 670 1996 Pdug
692 1939 721 1978 ea
744 1923 777 1978 de
804 1940 833 1979 re
856 1922 948 1977 literas
970 1922 1143 1995 scripserint.
1178 1939 1239 1995 quae
1268 1921 1425 1977 ridebantur
1451 1922 1516 1978 mibi
1542 1923 1575 1978 ab
1603 1941 1636 1980 eo

354 2009 472 2083 quietem
495 2009 694 2082 impetratnrae;
718 2008 777 2083 cepi
800 2006 935 2069 libellum,
968 2006 1022 2080 legi
1044 2015 1071 2061 et
1094 2006 1193 2080 relegi.
1227 2006 1278 2062 hoc
1297 2006 1386 2062 animo
1406 2005 1527 2069 volvens,
1557 2009 1636 2083 sique

354 2102 433 2167 pacto
456 2110 578 2167 possem.
601 2102 631 2149 ut
653 2093 766 2149 antehac
788 2094 901 2167 saepius.
931 2110 1002 2148 nunc
1024 2109 1132 2166 quoque
1151 2100 1246 2165 pectus
1269 2099 1425 2165 praestarem
1444 2092 1636 2150 calumniarum

355 2176 474 2252 patiens,
498 2178 536 2234 illi
559 2178 709 2235 concedens
729 2180 774 2253 qui
798 2177 939 2234 rimlictam
961 2177 1114 2235 emanibus
1131 2176 1233 2232 nostris
1249 2177 1346 2250 erigit,
1366 2176 1550 2233 retributurus
1565 2180 1636 2252 quod

323 2265 486 2338 tserrinsquc
514 2264 629 2320 debetur
661 2262 832 2337 malignitati.
878 2263 975 2319 Verum
998 2280 1057 2319 cum
1082 2262 1244 2317 otlenderem
1270 2262 1392 2335 quadam
1414 2280 1474 2336 qnae
1502 2263 1637 2319 existima·

355 2350 423 2404 tioni
446 2367 512 2405 meae
534 2347 656 2404 nonnihil
679 2349 821 2405 detrahere
844 2367 893 2405 nee
922 2348 993 2404 illius
1023 2348 1101 2403 lanian
1127 2348 1269 2402 admodum
1300 2346 1442 2403 consulere
1470 2348 1637 2409 ridebantur.

354 2435 495 2490 commode
521 2433 675 2489 admonitus
698 2453 757 2490 sum
779 2435 840 2490 huic
869 2434 937 2488 ‘utili
961 2432 1147 2489 rnlrtronitioni’
1176 2432 1281 2487 ‘iustam
1308 2450 1393 2488 meam
1416 2431 1566 2499 Querelam'
1593 2435 1638 2489 ad·

354 2519 433 2579 dere.
455 2538 469 2575 a
493 2519 595 2575 lectore
617 2519 729 2575 carrdido
752 2537 832 2576 nmini
856 2520 907 2575 hoc
929 2519 1097 2591 clllagitans.
1125 2535 1158 2573 ne
1180 2516 1251 2573 hune
1273 2516 1395 2573 libellum
1415 2518 1468 2572 alio
1491 2517 1606 2574 consilio
1625 2539 1639 2574 a

355 2621 398 2660 mc
420 2605 589 2661 scribendum
612 2613 767 2678 susceptum
795 2612 883 2678 putet.
920 2621 999 2678 apuam
1030 2612 1060 2659 ut
1089 2604 1295 2662 trinominem
1323 2620 1383 2658 enin
1408 2602 1509 2660 nullius
1532 2604 1639 2660 infamia

320 2690 507 2751 andelendam.
553 2688 717 2745 'l'urlmlenta
740 2699 818 2750 sunt.
841 2691 940 2751 [artarer.
964 2688 1067 2749 secula.
1090 2688 1135 2744 sed
1155 2687 1236 2761 longe
1254 2687 1450 2744 turbulentiore
1471 2690 1639 2762 quorundam

358 2775 482 2848 ingenia,
506 2792 566 2849 quae
588 2792 643 2830 non
665 2776 745 2831 modo
769 2776 800 2831 ud
823 2774 945 2848 publicos
969 2774 1101 2829 tnnmltns
1124 2773 1273 2835 larcieudos,
1296 2774 1327 2829 ad
1351 2773 1451 2837 arnicas
1471 2775 1640 2830 committen-

356 2860 421 2920 dos,
445 2862 618 2917 innocentum
635 2860 729 2916 lauram
746 2861 993 2935 conspurcatnlam.
1017 2877 1108 2915 rerum
1131 2859 1265 2915 etiamad
1289 2859 1372 2914 totius
1396 2858 1470 2913 orbis
1490 2860 1639 2916 incendium

357 2953 384 3001 ct
406 2946 646 3018 conflagrationem
668 2946 770 3018 gestire
790 2945 926 3006 ridentur.
950 2945 1073 3000 homines
1091 2943 1170 3018 plane
1188 2943 1332 3003 infelices.
1353 2943 1376 2998 si
1397 2943 1482 2999 beatae
1499 2945 1559 3000 vitae
1578 2964 1641 3019 pars

357 3040 475 3087 estnon
505 3039 642 3104 postrema
671 3031 752 3086 animi
775 3032 905 3087 securitas
928 3038 1010 3103 atque
1035 3028 1223 3102 tranquillitas.
1268 3031 1373 3084 hnmnu
1399 3028 1495 3085 abhinc
1522 3030 1641 3086 arbitror

321 3133 418 3177 messe
441 3115 578 3189 quintum,
610 3133 670 3171 cum
693 3133 787 3172 rumor
816 3117 841 3171 in
866 3116 957 3171 llisnia
978 3116 1107 3170 subortus
1137 3122 1192 3175 est.
1225 3114 1373 3189 principem
1402 3115 1546 3187 Georgium
1575 3115 1640 3170 mihi

358 3200 433 3256 valde
457 3200 604 3273 indignari,
638 3201 670 3255 ad
693 3202 764 3275 quod
787 3202 913 3258 nuncium
941 3218 1002 3257 cum
1034 3198 1106 3255 illico
1135 3199 1334 3256 inhorresceret
1362 3199 1478 3260 aniunts.
1507 3218 1640 3275 creperum

358 3286 526 3360 percontari,
550 3303 666 3359 quonam
689 3287 785 3348 modo,
808 3294 835 3341 et
861 3303 912 3360 qua
936 3287 962 3341 in
983 3303 1012 3340 re
1035 3284 1107 3340 illins
1128 3283 1295 3340 clinneutiam
1317 3284 1502 3340 oliemlisscm:
1535 3286 1642 3358 Signin-

358 3371 455 3427 cabant
475 3370 596 3431 anticuli.
618 3369 712 3426 literas
734 3373 767 3427 de
788 3389 830 3427 rne
852 3373 884 3426 ad
907 3370 1097 3427 celsitudinem
1119 3387 1194 3426 sumn
1216 3371 1346 3444 scriptas,
1370 3387 1430 3444 qum
1452 3377 1479 3424 ct
1500 3369 1546 3426 irre
1565 3389 1642 3426 caus·

359 3473 403 3511 sas
426 3455 690 3516 subministrassent.
714 3464 794 3529 alaprie
815 3475 920 3513 intiment
943 3457 975 3512 dc
997 3473 1038 3511 me
1055 3462 1212 3528 conceptam
1237 3455 1333 3511 bonam
1354 3473 1428 3529 spem
1446 3455 1555 3528 penitus
1577 3456 1641 3511 abo·

323 3541 503 3603 solerissent:
537 3540 593 3595 llisi
615 3558 728 3615 puerum
752 3559 854 3604 ineunt,
889 3543 936 3598 hac
965 3541 991 3596 in
1021 3541 1114 3615 primis
1141 3540 1174 3594 de
1199 3558 1294 3596 catrssa
1321 3540 1442 3595 scribens
1468 3540 1568 3604 antico,
1597 3559 1642 3596 es·

358 3626 523 3700 piscaretur.
547 3626 610 3699 quid
629 3626 661 3681 ad
687 3626 836 3701 principem
858 3628 891 3682 de
913 3645 954 3682 me
975 3624 1093 3682 delatum
1116 3634 1206 3688 esset,
1230 3634 1257 3681 et
1281 3644 1334 3700 quo
1355 3625 1483 3682 authore:
1505 3624 1529 3682 ls
1545 3627 1642 3682 rescri-

359 3712 414 3785 psit
435 3711 535 3767 Erasmi
558 3711 731 3767 lloterudauri
751 3729 809 3767 csse
832 3712 988 3786 repistolam.
1018 3720 1043 3766 at
1070 3710 1174 3769 celabat
1201 3711 1324 3787 epistolar
1350 3711 1484 3767 encomia:
1513 3711 1579 3768 Tum
1603 3712 1642 3766 in·

357 3796 489 3870 cipiebom
512 3795 686 3869 expostulare
710 3815 770 3853 enm
789 3796 914 3859 Erasino,
935 3798 1016 3859 satis,
1041 3805 1070 3852 ut
1093 3814 1184 3852 rerum
1207 3798 1305 3856 latcar.
1329 3795 1479 3858 hostiliter,
1509 3797 1547 3852 rei
1570 3805 1642 3853 atro·

357 3883 440 3937 citatc
460 3881 512 3937 buc
534 3881 658 3941 adactus.
688 3882 829 3956 respondit
860 3882 904 3938 ille
935 3883 1003 3938 hand
1028 3882 1228 3955 tnagisarnicc.
1259 3882 1296 3937 sie
1327 3882 1387 3937 hinc
1412 3881 1472 3937 iude
1495 3881 1643 3937 volitabant

322 3966 499 4041 asepistolae.
528 3965 607 4040 plane
630 3966 729 4023 bellum
751 3968 959 4029 denunciantes,
992 3977 1074 4042 atquc
1105 3968 1130 4022 in
1162 3967 1203 4021 bis
1229 3966 1292 4022 belli
1319 3965 1458 4039 praeludiis
1483 3967 1551 4023 dnos
1580 3985 1643 4023 reor

359 4052 529 4108 intercidisse
548 4069 642 4107 antros.
688 4053 796 4109 lnterint
814 4054 1024 4109 conscribuntur
1042 4055 1235 4109 Germanorum
1258 4052 1410 4126 principum
1432 4053 1540 4108 comitia
1556 4052 1642 4126 Spirae

357 4136 533 4198 celebranda.
561 4137 592 4192 ad
616 4155 676 4210 quan
699 4138 817 4193 ornanda
844 4139 985 4213 sperabam
1013 4147 1040 4194 et
1070 4155 1158 4194 meum
1189 4137 1401 4193 illustrissimum
1426 4139 1520 4194 ducem
1550 4147 1643 4194 ventu·

358 4240 434 4278 rum:
461 4222 531 4277 ibam
556 4230 583 4278 et
604 4240 656 4296 ego
677 4222 753 4284 illue.
777 4240 866 4279 coram
891 4223 924 4294 (si
947 4225 1028 4280 modo
1049 4224 1177 4299 Princeps
1199 4223 1358 4297 dignaretur
1382 4241 1423 4280 ute
1445 4222 1576 4297 alloquio)
1598 4241 1643 4280 cx·

410 4404 644 4455 CCCLXXXXII.
676 4406 762 4471 Chph.
782 4407 850 4455 Saxi
869 4407 902 4456 dc
921 4408 1005 4456 Henr.
1024 4409 1217 4473 Eppendorpio
1236 4424 1332 4459 eorum.
1361 4410 1438 4474 Lipo.
1454 4408 1526 4460 17⁴5.
1556 4410 1591 4460 ·'l⁰.

919 4509 943 4557 p·
959 4509 1083 4543 rumam.

597 4559 646 4565 ...-
656 4559 1063 4571 ——--——--—..——.——.
1076 4566 1079 4570 .
1256 4565 1397 4572 -<..--—.

428 4726 458 4761 bi
476 4730 529 4792 Qui
549 4728 660 4780 libellus
679 4732 835 4781 continetur
854 4733 962 4782 Erasini
981 4735 1051 4799 Opp.
1078 4734 1161 4783 basil.
1190 4740 1253 4784 tom.
1269 4735 1314 4784 tx.
1335 4734 1530 4800 p.138·2...8tt.,
1554 4735 1642 4800 Lugd.

357 4814 422 4865 But.
438 4815 498 4864 edd.
512 4821 576 4864 tom.
592 4817 623 4864 X.
638 4833 662 4881 p.
679 4815 816 4867 1683...ot.
837 4833 896 4867 cnm
916 4834 980 4868 rere
1000 4835 1059 4883 quae
1073 4820 1107 4868 nd
1120 4836 1176 4868 rem
1189 4825 1310 4870 nostram
1323 4821 1443 4883 fuciunt,
1469 4821 1565 4871 iisdem
1586 4823 1643 4871 sere

356 4899 451 4949 verbis
470 4900 594 4949 omnibus
613 4901 667 4949 iam
686 4917 719 4950 ex
737 4904 924 4968 strperioribus
936 4905 1044 4954 Erasini
1063 4904 1190 4969 epistulis
1209 4906 1352 4971 (imprimis
1370 4923 1403 4956 cx
1422 4923 1464 4972 ep.
1485 4906 1519 4956 ud
1531 4908 1644 4957 Pirchh.

356 4986 384 5035 d.
402 4983 424 5033 1.
438 4986 504 5034 Mai.
519 5002 544 5035 a.
561 4983 633 5034 1528.
653 4983 731 5048 deta)
750 4989 870 5053 repetite
889 4989 1101 5053 exhibuerimus,
1121 4990 1173 5040 boc
1191 4989 1252 5041 loco
1277 4991 1372 5041 eadem
1395 4992 1494 5042 iterum
1517 5000 1644 5060 repetere

356 5070 507 5121 taediosum
525 5087 585 5123 esse
604 5073 769 5137 putarimus.
