3934 6034
318 685 391 759 298
490 701 686 755 cccxxxtll.
701 719 1284 758 seosotsssssn1nnvsnsvsssrenotsss
1298 724 1431 759 urerent.

316 892 415 951 apros,
432 875 608 935 exscindere
625 878 719 950 nrltes,
735 877 867 953 diripere
881 895 958 954 opes,
977 881 1126 954 depellere
1136 883 1327 957 possessione,
1344 878 1514 942 *tteenenns
1529 883 1607 942 dac-

317 990 400 1039 tenns
426 984 539 1038 tnnlnm
567 981 726 1039 maledicit
747 984 894 1055 pontifici,
926 999 980 1041 nec
1007 985 1099 1041 eeltam
1126 1000 1256 1043 muscam
1277 985 1491 1044 Romanensem
1520 988 1605 1059 leesit,

249 1078 344 1136 illl*
355 1084 414 1141 nisi
431 1084 567 1157 protinus
588 1086 736 1156 inpnlotos
756 1087 917 1158 existimat,
943 1088 973 1144 iee
1003 1103 1074 1159 onos
1094 1089 1166 1146 iacit
1184 1090 1355 1147 eonaieieem.
1399 1082 1492 1147 *Sed
1508 1090 1607 1147 rideat

316 1203 355 1244 nn
389 1186 533 1260 expediat
563 1189 669 1245 iritore
700 1202 772 1260 qnos
799 1190 913 1247 iritntos
947 1206 1004 1247 non
1037 1207 1127 1263 attens
1156 1193 1330 1264 opprimere.
1375 1189 1605 1250 *Romanenses

314 1298 452 1364 optarent
465 1305 581 1363 semper
599 1290 656 1347 sibi
676 1292 749 1347 tales
771 1290 878 1363 leostes,
900 1295 996 1365 qteetlis
1016 1300 1060 1350 est
1081 1292 1234 1352 llnttemes.
1283 1293 1392 1363 (neodse'
1409 1295 1520 1352 maleem
1537 1293 1625 1352 Ilo-s

315 1409 413 1452 metreta
435 1395 529 1451 crerier
556 1409 612 1450 non
634 1400 753 1466 poteret
773 1395 860 1451 aliter
881 1398 989 1453 soreori
1009 1412 1097 1469 qeeom
1121 1395 1223 1453 bellico
1245 1397 1383 1468 tnmnltn,
1411 1395 1546 1468 consensis
1566 1412 1604 1454 nc

314 1496 442 1554 snbrntis
463 1496 608 1569 omnibns,
631 1511 718 1567 qeeeem
739 1495 788 1554 ieie
807 1497 883 1554 eeileil
900 1501 994 1571 possit
1011 1498 1168 1571 Hennenses,
1190 1501 1283 1556 satias
1302 1506 1370 1556 erat
1388 1500 1486 1556 sinere
1508 1485 1546 1556 τὸ
1565 1478 1604 1556 εὖ

247 1600 313 1651 95318·
327 1595 482 1675 κείμενον
507 1584 611 1657 κακὸν
637 1614 725 1671 qeenm
752 1605 832 1656 tanto
859 1600 937 1656 oritis
966 1602 1044 1657 malo
1070 1616 1184 1657 morere
1212 1601 1412 1659 Cantnrinnm.
1457 1596 1602 1660 *Vellem

314 1708 408 1759 antem
424 1701 603 1760 esttenete
616 1702 692 1758 seire
707 1717 778 1774 qnos
791 1704 907 1774 sentiat,
923 1705 1033 1774 oeeoties
1047 1702 1119 1760 dicit
1136 1699 1204 1760 ‘nos'
1220 1713 1249 1760 et
1261 1700 1370 1761 ‘notris':
1382 1720 1452 1761 nom
1466 1704 1521 1763 irae
1529 1720 1601 1778 pro·

313 1806 428 1863 nomine
438 1802 614 1877 sreqnenter
628 1806 736 1861 utitem:
758 1821 796 1861 tert
813 1820 910 1861 ornnes
924 1806 976 1875 epti
989 1821 1102 1876 praetorto
1116 1805 1200 1862 modo
1212 1803 1320 1875 sotem
1330 1805 1459 1864 Lntltero
1477 1814 1506 1865 et
1521 1809 1600 1866 orale
1610 1819 1635 1860 ¹⁰

314 1910 414 1966 oolnett
433 1906 566 1965 Romano
583 1902 740 1980 pontefici?
762 1909 800 1964 m
817 1922 870 1979 epo
890 1906 972 1964 rideo
992 1909 1107 1964 aarinm
1128 1924 1190 1964 esse
1207 1924 1301 1979 pentes
1319 1908 1466 1967 dominnm
1489 1911 1519 1966 in
1543 1910 1602 1968 leae

312 2013 423 2069 classe:
443 2015 511 2068 snnt
530 2011 607 2067 erclen
631 2010 750 2081 oeeidnm
773 2008 903 2066 leoenines
924 2009 1015 2078 docti,
1039 2026 1159 2081 meoqne
1177 2010 1286 2068 indicio
1308 2013 1426 2068 enittime
1445 2014 1531 2085 mali,
1551 2014 1604 2084 qni

310 2115 455 2186 pleraque
472 2112 601 2186 probant
613 2120 643 2168 et
654 2119 797 2185 cleperent
809 2113 939 2169 aerisono
955 2129 1017 2169 esse
1034 2111 1162 2170 nlenten
1176 2115 1325 2186 pontificis
1343 2120 1523 2188 potestatem,
1542 2131 1601 2172 en-

310 2222 417 2289 peren!
429 2231 487 2289 pro
506 2215 657 2273 mundano
675 2216 816 2288 prin-cipe
835 2215 982 2272 (lentorem
1001 2216 1216 2287 monosticum,
1238 2230 1296 2288 pro
1318 2223 1446 2289 tyranno
1464 2221 1601 2289 patrem·

244 2319 310 2369 illi·
321 2325 459 2392 optarent
470 2318 624 2376 seelroersos
638 2332 754 2374 mensas
767 2318 920 2375 terrentium
938 2317 1173 2375 accendentium
1192 2319 1222 2374 in
1241 2320 1346 2391 templo
1360 2319 1472 2377 domini
1476 2340 1487 2386 ‚·
1509 2328 1599 2393 opta·
1610 2330 1635 2371 ts

311 2426 378 2479 rent
397 2420 573 2479 colnreitam
592 2418 802 2477 intolerabilem
831 2421 1042 2494 impudentiam
1071 2420 1383 2492 indnlpentiariornm,
1412 2423 1600 2495 compositio-

311 2525 478 2593 narioreem,
513 2522 861 2596 dispersationorioemm,
895 2522 1109 2586 brelloen‘ornm,¹
1139 2529 1276 2596 optarent
1306 2526 1426 2583 meritam
1456 2524 1601 2582 decedere

311 2627 483 2685 ceremoniis
507 2634 535 2682 et
555 2625 631 2682 aeldi
652 2625 748 2682 stadio
767 2640 846 2682 eterne
865 2626 1000 2698 pietatis:
1031 2632 1173 2698 caperent
1190 2627 1337 2698 ereerepelii
1356 2628 1497 2698 tricarem,
1521 2626 1602 2698 aeeod

312 2731 372 2787 inm
388 2744 465 2802 pene
485 2727 677 2798 obsolereeat,
700 2728 891 2793 reminiscere·
911 2733 1053 2802 eriperent
1071 2728 1180 2787 dirinee
1201 2732 1360 2803 scriptetree
1376 2730 1531 2786 eeteloritati
1546 2745 1599 2787 re-

311 2832 382 2889 dere
404 2832 543 2903 dopmnto
563 2837 591 2887 et
612 2831 762 2903 opiniones
783 2829 949 2894 leoeninnm:
970 2837 1113 2903 eriperent
1131 2831 1279 2888 lenmnnns
1301 2832 1517 2889 consolationes
1538 2841 1634 2889 non²⁰

305 2933 457 3009 preferre·
474 2935 636 3008 permeeptis
655 2933 720 3000 dei,·
742 2933 852 2990 nollent
868 2931 1046 2989 scholastica
1061 2934 1180 2991 decreto
1196 2935 1307 3005 oetaeis
1322 2933 1431 2991 nabere
1448 2933 1504 2990 aim
1523 2950 1599 2991 ora-

242 3039 395 3104 §.mo.enli,·
422 3036 550 3094 dolentes
565 3037 710 3110 pennatum
734 3035 931 3093 Christianam
950 3037 1080 3106 praemi
1104 3035 1277 3107 qeeibttsdnm
1300 3035 1437 3092 lenmonis
1455 3038 1600 3094 constitn-

308 3138 445 3208 tione'lnts,
475 3140 563 3196 relati
583 3138 620 3195 dc
642 3138 755 3195 deleetn
777 3137 922 3207 ciieetrnm,
950 3138 988 3194 de
1007 3139 1192 3195 meeltitndine
1211 3136 1370 3208 festorum,
1400 3138 1437 3195 tle
1458 3155 1600 3195 reserate-

308 3245 386 3301 tione
407 3256 543 3312 classenm,
571 3240 607 3298 de
631 3240 778 3312 prndibas
797 3242 980 3311 respirationis
1003 3241 1146 3311 astrictis,
1173 3242 1210 3298 de
1235 3241 1409 3312 catenatione
1431 3242 1599 3314 spirituali,-

308 3346 413 3402 oellent
433 3345 520 3401 etiam
543 3343 682 3416 mendam
705 3341 838 3401 lenmnno
850 3344 968 3416 petorita
987 3344 1092 3400 cedere
1108 3343 1238 3416 peeblieee
1252 3344 1384 3414 ntiliteeti,
1406 3343 1486 3415 qnod
1501 3353 1633 3415 pennsts

307 3453 352 3506 est
375 3463 415 3504 ee
442 3448 502 3504 solo
530 3461 672 3503 consensa
699 3447 778 3502 coire
806 3446 1041 3511 rnntrimoninm:
1071 3451 1214 3519 enperent
1233 3447 1384 3519 erplieari
1403 3447 1600 3504 conscientias

308 3549 473 3621 nontinnm,
502 3550 588 3606 nimis
615 3550 711 3605 metitis
731 3549 846 3619 lapeleis
868 3548 1043 3620 impeditns‚·
1069 3554 1212 3620 eriperent
1231 3550 1385 3605 eoneimees
1404 3564 1466 3606 esse
1486 3548 1599 3607 liberos

309 3669 347 3712 oc
366 3660 500 3719 sanctos,
526 3656 669 3724 cleperent
688 3651 839 3724 episcopos
861 3651 913 3721 qni
933 3667 1012 3708 tenne
1032 3666 1144 3722 mnpnee
1161 3668 1201 3707 er
1218 3658 1308 3724 parte
1330 3651 1405 3708 nillil
1426 3650 1512 3708 alind
1530 3657 1600 3709 serni

309 3770 397 3829 otram
411 3754 558 3812 mnndttne'
572 3755 742 3827 principes,
766 3769 827 3809 esse
849 3768 916 3810 rere
936 3755 1094 3827 episcopos.
1118 3753 1276 3811 eteoneteleos
1300 3751 1403 3825 neribus
1424 3767 1504 3810 reeens
1523 3752 1601 3811 ›itatt

240 3863 361 3920 §.ernest
377 3857 569 3927 meandonias,
589 3872 651 3912 esse
672 3871 740 3913 rere
759 3855 924 3913 moncellos.
969 3854 1011 3913 ttt
1026 3855 1155 3913 Latieero
1167 3855 1273 3926 forent
1291 3854 1346 3911 ltoc
1363 3857 1495 3927 nomine,
1518 3856 1633 3927 oreadas

307 3961 387 4019 hanc
401 3961 586 4034 prorinciom
607 3957 728 4029 simliter
747 3959 883 4016 ridentnr
905 3974 1070 4030 appressns.
1115 3974 1181 4016 crem
1205 3958 1251 4015 leis
1276 3957 1350 4015 milei
1369 3958 1396 4014 si
1413 3956 1516 4028 scedas
1538 3973 1597 4015 non

306 4070 361 4134 est,
387 4071 467 4120 certe
491 4068 590 4119 enetnel
614 4067 693 4118 rettts
722 4062 865 4132 amicilia,
892 4062 1046 4118 literarum
1065 4062 1180 4133 plutino
1199 4062 1377 4129 conciliato,
1404 4060 1597 4118 etiamsinon

307 4167 500 4225 cenesetttimets
520 4166 550 4221 in
568 4164 707 4222 omnilnes.
753 4158 886 4220 *tearum
908 4165 1007 4220 neeliees
1023 4171 1066 4219 est
1086 4164 1138 4233 oeli
1155 4161 1277 4220 Hnlteni
1288 4169 1410 4219 cetteatns
1430 4160 1540 4235 probet,
1560 4177 1598 4219 ne

239 4282 305 4332 §.mn
318 4271 381 4344 ipse
402 4268 519 4339 peridem
533 4265 685 4323 Lntleerns.
730 4261 834 4324 *Sient
854 4282 959 4323 reosns
981 4264 1102 4336 nitidam
1125 4265 1247 4335 indocti,
1271 4265 1380 4321 nallins
1394 4263 1506 4334 indicii,
1529 4266 1598 4322 nita·

307 4374 450 4445 impetras,
479 4368 701 4439 obtrectatores,
726 4370 912 4442 perenaeos,
942 4366 1157 4437 intractabiles,
1183 4367 1226 4422 sic
1255 4365 1369 4423 addicti
1388 4364 1535 4437 tetinero,
1565 4374 1634 4423 ntes

307 4491 361 4532 nee
380 4475 476 4531 seiont
495 4489 549 4530 nec
571 4477 687 4529 sererent
705 4471 784 4544 qeettd
803 4471 950 4530 Lntleerns
973 4470 1073 4535 tieret:
1101 4475 1213 4526 tanteem
1235 4468 1418 4540 ertenpelinm
1438 4467 1548 4524 ltnbeeel
1566 4471 1597 4526 in

309 4593 374 4649 ore,
401 4577 553 4648 neplipnnt
571 4591 678 4648 preces
698 4581 727 4630 et
752 4589 858 4638 saera,
887 4580 1042 4630 miserentur
1071 4570 1255 4643 penitenslibet,
1283 4576 1311 4626 et
1329 4569 1511 4627 maledicant
1531 4569 1598 4628 lio-

240 4695 306 4744 snns.
319 4694 407 4738 mano
423 4680 559 4753 penetrare·
566 4700 573 4734 ,·
593 4678 636 4735 sie
653 4676 817 4736 lutherani
837 4682 913 4735 stent.
958 4673 1100 4731 *lterum
1119 4672 1282 4731 ineonditos
1296 4672 1434 4729 teteneeltns
1448 4677 1477 4729 el
1489 4673 1598 4730 incon-

308 4784 385 4840 seeltn
406 4783 529 4839 reensiliee
548 4781 700 4855 peineipes
723 4796 759 4836 ne
780 4781 971 4850 meepistrntns
993 4776 1111 4833 tenedeen
1136 4782 1277 4848 ertpentnr
1299 4776 1481 4849 opprimere:
1505 4774 1597 4833 *iln-

307 4902 362 4957 qne
378 4885 430 4955 liet
450 4883 553 4940 leoenm
576 4883 656 4954 nitio,
678 4888 709 4939 nt
730 4896 783 4938 nec
800 4882 853 4938 e'lln
873 4880 1066 4951 corripientur
1083 4879 1121 4937 de
1140 4879 1243 4952 oteilnts
1260 4878 1387 4935 mnndees
1403 4878 1506 4934 merito
1520 4894 1634 4949 ane-to

308 5019 507 5029 ..————

376 5085 385 5115 ³
397 5100 448 5134 nec
462 5082 519 5149 ulL]
534 5085 569 5133 Et
582 5088 675 5132 tanton
688 5083 761 5132 inira
774 5081 916 5132 homicidii
929 5096 992 5131 reus
1005 5082 1043 5131 fit.
1079 5080 1111 5112 Μ
1123 5072 1154 5130 τὸ
1168 5065 1201 5131 εὖ
1213 5077 1281 5144 mm]
1295 5081 1365 5129 bene
1378 5078 1484 5129 habe-ns
1495 5078 1598 5129 malum
