3934 6034
530 707 728 759 cccxxxlu.
749 723 868 759 sconem
881 724 984 759 cussus
997 725 1141 761 unvausvs
1155 722 1327 759 aususausus
1341 724 1472 759 ιινττεει.
1574 693 1647 767 323

353 884 492 951 salutem,
518 884 554 952 lit
571 889 603 940 ιιι
623 899 678 940 uec
696 882 770 953 fidei
787 880 922 953 fructum
934 897 989 941 nec
1006 881 1146 941 bonorum
1164 898 1286 956 operum
1300 883 1463 942 mercedem
1478 885 1643 958 capiamus.

355 978 524 1053 *Quadam
547 994 643 1043 autent
665 986 728 1042 eius
750 986 869 1056 perieris
890 991 971 1054 suut,
990 990 1022 1042 ul
1043 987 1070 1043 si
1090 986 1221 1044 mauime
1242 1002 1315 1044 ocra
1331 991 1440 1056 esseut,
1460 1001 1519 1044 uon
1535 987 1712 1060 expe-51¹¹·

354 1086 420 1144 diat
440 1088 576 1159 iaperere
595 1086 719 1145 auribus
733 1088 850 1160 populi,
873 1089 962 1145 ueluti
979 1088 1104 1145 liberum
1124 1087 1280 1146 arbitrium
1297 1087 1373 1145 attat
1390 1103 1452 1146 esse
1472 1090 1530 1146 uisi
1542 1104 1644 1147 nornen

353 1190 462 1256 inane·
484 1189 638 1263 quemlibet
657 1189 855 1247 Christiarium
878 1206 941 1248 esse
958 1189 1142 1248 sacerdotem
1162 1196 1191 1247 et
1209 1206 1295 1263 posse
1308 1191 1457 1248 remittere
1475 1198 1601 1264 peccam
1618 1197 1648 1249 et

333 1307 438 1366 sposse
458 1308 635 1351 consecrare
657 1308 765 1365 corpus
787 1292 914 1360 domiui·
935 1293 999 1350 sola
1017 1292 1079 1362 lide
1093 1290 1230 1363 conferri
1246 1293 1391 1351 iusticiam
1399 1313 1409 1359 ,·
1431 1308 1524 1366 opera
1543 1300 1644 1351 nostru

354 1394 429 1453 nihil
450 1394 493 1452 od
512 1410 575 1453 rem
593 1392 711 1465 fucere.
757 1393 832 1452 liceo
849 1394 1015 1469 paradoua
1029 1397 1141 1452 iactata
1157 1395 1242 1469 apud
1255 1396 1358 1467 vulqus
1370 1395 1444 1467 quid
1458 1394 1543 1452 aliud
1556 1410 1644 1468 quem

354 1498 483 1568 qiquunt
502 1497 657 1554 dissidium
678 1512 715 1554 ac
735 1492 927 1555 seditionem?
957 1496 1089 1556 Rursum
1110 1499 1243 1556 ecclesice
1263 1512 1403 1571 proceres
1425 1513 1463 1556 ac
1482 1498 1635 1572 principes
1647 1501 1715 1552 itu.

351 1598 500 1672 prosauos
521 1598 714 1671 obsecrarem,
739 1606 771 1656 ut
789 1615 857 1658 suos
875 1597 1002 1671 affectus
1023 1616 1136 1671 suaque
1152 1600 1274 1673 priuata
1287 1599 1439 1658 commoda
1452 1599 1647 1673 posthabeas!

353 1701 446 1759 saluti
465 1701 594 1775 publicae
614 1708 643 1759 et
655 1702 761 1773 qlortoe
784 1700 901 1760 Christi.
944 1704 988 1761 sie
1009 1710 1052 1761 εει
1073 1705 1205 1760 noluntas
1220 1701 1289 1761 lesu
1306 1700 1417 1759 Christi
1435 1708 1464 1760 et
1482 1704 1525 1760 sic
1548 1718 1644 1775 aperu-

330 1803 438 1862 iotibus
459 1803 541 1863 uobis
563 1803 727 1875 adfuturus
748 1811 791 1862 est
809 1801 915 1874 fautor
937 1820 975 1863 ac
993 1803 1166 1875 saturator
1187 1819 1287 1862 eorum
1309 1820 1377 1877 qaue
1396 1805 1537 1877 perimus.
1583 1804 1638 1863 Cui
1647 1809 1714 1861 §.¹¹³-

353 1907 477 1980 spiritus
495 1906 564 1965 Iesu
591 1907 700 1965 donum
727 1908 874 1980 impartiit
899 1905 1089 1965 abstrusioris
1114 1906 1302 1975 eruditionis,
1330 1908 1486 1979 impartiat
1505 1906 1645 1975 cnrtdide,

356 2024 423 2066 cum
445 2011 526 2067 omui
551 2009 775 2068 mansuetudine
795 2010 941 2068 sustineas
965 2025 1002 2068 ae
1024 2009 1154 2068 tolerans
1174 2024 1223 2067 eos
1249 2010 1301 2082 qui
1325 2024 1382 2067 nou
1410 2011 1508 2067 statim
1529 2012 1648 2083 assequi

354 2120 477 2184 possunt
497 2111 578 2185 quod
593 2111 739 2180 traditur,
762 2111 1007 2184 quemadmodum
1030 2111 1165 2169 domiuus
1186 2110 1270 2169 lesus
1289 2110 1341 2168 din
1363 2111 1498 2169 tolerarit
1516 2111 1645 2182 iufirmi-

354 2219 443 2271 tatem
460 2230 581 2272 suorum
599 2215 692 2273 donee
711 2215 899 2287 prodicerent.
945 2214 1101 2288 Principes
1124 2219 1153 2271 el
1170 2214 1301 2287 episcopi
1320 2219 1389 2271 sunl
1409 2213 1552 2284 homines,
1573 2214 1636 2272 labi
1646 2212 1714 2262 ΜΝ·

321 2323 383 2375 ιιει
399 2316 475 2387 salli
492 2322 629 2390 possunt:
655 2315 707 2374 hos
729 2323 839 2388 quanto
862 2316 1075 2376 conducibilius
1095 2322 1138 2375 est
1158 2317 1279 2373 coraiter
1300 2316 1343 2373 ud
1364 2318 1427 2374 aeri
1453 2318 1645 2389 coquitiouem

355 2419 509 2478 adducere
530 2435 619 2492 quam
646 2421 779 2477 corruitiis
797 2415 1005 2494 exasperare?
1032 2419 1117 2489 *Quoi
1137 2420 1167 2476 in
1189 2419 1284 2477 classe
1305 2418 1479 2478 lutherana
1500 2420 1557 2477 sibi
1578 2421 1646 2477 uin-

355 2521 459 2579 dicaut
479 2523 663 2595 spiritualem
683 2523 894 2594 capuitiouem,
917 2523 1046 2594 copitcnt
1061 2530 1090 2580 el
1108 2539 1138 2579 se
1160 2538 1221 2579 esse
1242 2521 1372 2579 homiues
1388 2520 1528 2581 obnoxios
1542 2523 1645 2581 iisdem

355 2624 457 2693 melis,
480 2623 583 2695 quibus
600 2623 721 2682 obnoxii
738 2631 805 2682 ειιιιι
821 2625 976 2698 pontifices
997 2632 1026 2682 et
1044 2626 1216 2699 principes:
1239 2641 1332 2697 neque
1350 2641 1461 2682 coroau
1477 2641 1570 2699 neque
1584 2627 1644 2683 mi-

355 2734 405 2782 tre
428 2725 514 2782 addit
533 2728 710 2799 supientiam
731 2728 949 2799 enartqelicam,
977 2725 1096 2799 fateor,
1123 2727 1177 2785 sed
1197 2744 1291 2801 aeque
1318 2729 1442 2800 entlpure
1459 2730 1570 2802 pileum
1592 2734 1645 2785 aut

320 2829 507 2900 uociuqulum
525 2828 618 2887 addit.
664 2829 721 2899 (tui
734 2847 764 2886 sc
782 2835 890 2903 putant
908 2829 1018 2887 habere
1036 2830 1144 2888 donum
1164 2831 1299 2904 spiritus,
1323 2844 1361 2887 ne
1372 2836 1517 2903 spernunt
1530 2829 1634 2902 publi·
1646 2828 1717 2879 ΜΗ».

355 2946 422 2989 cam
439 2932 635 2989 autoritatem.
680 2930 811 2990 ilursurn
822 2933 993 3005 principes,
1010 2931 1168 3004 quamlibet
1179 2938 1310 3005 potentes
1330 2948 1366 2990 oc
1379 2934 1490 3005 nopai,
1504 2948 1541 2989 ue
1555 2946 1645 2989 aner-

354 3041 457 3091 seutur
479 3034 629 3092 ueritatem
653 3032 763 3092 Christi
784 3051 803 3092 a
824 3034 984 3107 quamlibet
1007 3034 1112 3092 bamili
1132 3036 1333 3108 propositum:
1364 3033 1487 3092 tramites
1509 3040 1599 3092 eraut
1617 3044 1645 3092 et

355 3136 495 3210 apostoli·
513 3135 714 3209 pharmacum
735 3138 855 3211 corpori
868 3134 1064 3209 profuturum
1086 3138 1248 3211 accipimus
1270 3138 1308 3195 (ιιι
1325 3137 1529 3196 obscurissimo
1551 3136 1645 3194 idiote

347 3229 409 3296 ‘out
426 3240 619 3309 muliercula,
650 3246 678 3297 et
698 3240 792 3297 animi
815 3240 994 3299 medicinam
1021 3240 1186 3313 respuimus
1212 3240 1250 3297 ab
1271 3240 1472 3299 humilioribus
1492 3236 1644 3298 oblatum?

320 3360 347 3398 ιε
357 3338 589 3399 Submoueautur
611 3343 748 3415 utrinque
762 3343 891 3417 priuatae
906 3342 1097 3416 cupiditates,
1118 3348 1147 3400 et
1160 3342 1358 3401 communibus
1373 3344 1443 3401 uotis
1457 3344 1632 3416 imploretur
1644 3342 1711 3393 2⁴¹⁶·

355 3445 477 3518 spiritus
498 3445 548 3502 ille
565 3447 722 3518 pacificus,
753 3462 790 3503 ue
809 3446 916 3503 mutuis
937 3444 1069 3503 dissidiis
1092 3443 1262 3503 Christiana
1283 3460 1331 3503 res
1352 3446 1412 3503 ium
1433 3461 1514 3502 nnnc
1536 3447 1567 3502 in
1587 3463 1643 3503 ar-

355 3554 433 3604 ctum
453 3553 608 3606 contracta
627 3549 744 3622 penitus
765 3548 918 3619 concidet,
942 3564 979 3605 ue
995 3546 1137 3619 [ενιιιιιιιι
1159 3564 1196 3606 ac
1214 3549 1338 3622 piscium
1358 3549 1417 3605 riae
1436 3549 1543 3606 mutuis
1560 3563 1643 3605 mor·
1687 3628 1689 3631 ι

354 3649 433 3707 sibus
449 3665 501 3707 uos
517 3651 640 3708 inuicem
655 3652 823 3709 lacerantes
844 3649 1005 3709 iucundum
1023 3653 1224 3725 spectaculum
1238 3650 1425 3725 proebeamus
1439 3656 1468 3708 et
1482 3657 1598 3709 satance
1616 3657 1645 3707 et

357 3750 520 3809 Christiani
539 3755 663 3811 nominis
677 3752 813 3811 hostibus.
857 3752 918 3810 *In
940 3754 1072 3812 ominibus
1091 3756 1225 3812 articulis
1247 3755 1392 3828 upriscis
1411 3752 1544 3826 proditae
1561 3753 1634 3823 fidei
1644 3755 1710 3804 §.uu

320 3869 514 3913 soconseusus
537 3864 595 3913 cst:
624 3849 704 3913 *cur
731 3856 767 3914 ob
792 3856 958 3929 paradoxa
987 3858 1084 3915 nescio
1111 3873 1193 3930 quae,
1221 3872 1344 3930 quorum
1372 3857 1485 3928 (eliquat
1502 3854 1646 3911 eiusmodi

355 3963 437 4028 suut,
464 3964 496 4016 ul
523 3957 566 4015 ad
591 3959 714 4032 plenum
741 3974 799 4017 reon
822 3960 938 4033 possint
965 3960 1117 4034 ιἰιιειιιῃι,ι
1135 3959 1297 4033 *quiedam
1324 3958 1387 4016 eius
1401 3958 1535 4030 perieris,
1563 3962 1595 4014 ul
1613 3958 1643 4013 in

356 4066 512 4133 utramque
530 4067 647 4134 partem
669 4061 821 4136 disputari
839 4068 960 4136 queam,
983 4062 1127 4120 nourtulla
1146 4064 1235 4133 talia,
1257 4068 1289 4119 ul
1306 4075 1363 4118 nou
1384 4061 1426 4118 itu
1441 4060 1562 4116 mullum
1577 4074 1638 4116 mo·

356 4164 447 4221 menti
473 4161 619 4233 adserunt
644 4163 805 4223 admones
824 4163 1039 4234 emendandos,
1067 4166 1111 4222 sic
1131 4166 1321 4224 tumultuetur
1347 4155 1446 4221 orbis?
1478 4159 1549 4220 Tota
1574 4164 1713 4219 aitands.

357 4264 590 4323 Christianorum
623 4265 753 4338 undique
775 4264 898 4337 differta
920 4273 963 4325 est
983 4266 1066 4325 bellis
1086 4268 1294 4330 insanissimis.
1316 4264 1497 4335 tumultibus,
1518 4267 1643 4323 latroci-

320 4369 426 4437 ssuiis‚
454 4370 572 4441 iurqiis,
600 4368 691 4441 odiis,
725 4369 993 4443 obtrectationibus,
1018 4368 1198 4442 fraudibus,
1226 4370 1317 4440 dolis,
1344 4369 1435 4441 luca,
1457 4367 1643 4434 libidinibus·

354 4469 430 4527 nihil
448 4486 572 4542 usquam
593 4486 698 4528 serrium
722 4478 777 4541 cst,
806 4477 834 4529 et
854 4474 966 4532 omissis
991 4472 1123 4531 omatibus
1145 4472 1365 4544 diqludiumur,
1394 4487 1433 4528 citt
1453 4472 1642 4544 principatus

353 4571 483 4630 Romani
504 4573 655 4646 pontilicis
674 4576 711 4630 sit
730 4571 884 4647 profectus
909 4575 946 4633 ab
970 4582 1075 4633 autore
1097 4574 1220 4633 Christo.
1265 4572 1425 4645 *Utraque
1441 4589 1517 4647 pars
1544 4574 1632 4630 alteri
1643 4576 1703 4626 ιλιι

353 4691 416 4733 sese
430 4681 617 4757 redempcret:
638 4675 805 4749 obsequium
823 4677 947 4750 parabit
964 4680 1139 4748 amicitiam,
1157 4680 1330 4754 peruicacia
1351 4680 1503 4735 terarulturn
1523 4678 1642 4748 piqaet:

354 4780 419 4850 quis
441 4785 538 4836 autem
557 4780 627 4849 puts
648 4781 718 4848 erit,
750 4780 777 4836 si
805 4782 902 4838 cultura
917 4797 996 4855 pars
1018 4780 1093 4838 retlett
1115 4780 1223 4839 lietbeat
1244 4782 1303 4838 nisi
1326 4782 1480 4849 tumultus,
1509 4780 1596 4836 risus
1615 4785 1644 4837 et

320 4882 503 4952 tocortaiein,
532 4883 629 4940 ultera
657 4881 733 4939 nihil
759 4882 818 4939 uisi
837 4900 994 4955 cenesaeos,
1024 4883 1135 4955 bullus,
1165 4886 1306 4943 articulos
1327 4889 1356 4941 et
1376 4877 1537 4942 incendio?
1566 4881 1644 4951 (liud

420 5082 430 5114 ⁸
449 5080 545 5148 veluti]
565 5089 715 5148 sequuntur
730 5084 894 5135 Lutherana
911 5084 1051 5152 dogmata.
1089 5085 1110 5119 ¹⁶
1128 5075 1264 5139 conuiciis
1283 5090 1340 5138 uo.
1381 5085 1403 5118 ⁵⁸
1421 5076 1508 5138 οὐδὲν
1520 5077 1607 5152 ὑγιές.

1358 5172 1422 5234 21*
