3934 6034
337 706 547 757 cccxxxttrr.
567 719 756 757 navarrensis
770 720 822 755 ruo
835 720 964 757 narasse
977 720 1015 756 uo
1027 719 1130 755 russin
1144 718 1285 754 srosursrr
1298 715 1461 753 aserossro.
1499 684 1572 757 335

290 883 349 937 vitm
372 882 550 956 synceritate,
573 880 619 954 qni
642 881 739 937 ellectu
762 880 802 936 rel
826 881 924 937 iudicio
947 898 1038 936 errare
1060 879 1252 953 nonpossint:
1276 885 1339 933 sunt
1354 878 1425 934 enirn
1442 876 1572 937 homiues,

290 985 358 1040 sparos
380 968 500 1022 ridemus
524 966 657 1021 interilum
681 965 742 1040 plus
764 966 904 1022 allectibus
928 966 1030 1022 servire
1053 983 1132 1038 quani
1155 982 1249 1022 omues
1272 962 1344 1035 vulgi
1368 962 1504 1022 homiues,
1528 978 1573 1016 su·

289 1052 395 1126 perhia,
420 1052 495 1112 lirin,
520 1059 547 1106 et
570 1051 679 1106 avaritia
702 1052 824 1125 perditos
847 1059 874 1107 et
897 1051 1057 1125 absorptos,
1087 1060 1117 1106 ut
1139 1049 1230 1106 rndlos
1261 1047 1502 1122 proplrauissirnos.
1540 1062 1572 1102 ex

289 1154 351 1193 sere
373 1146 463 1193 autern
485 1137 599 1192 eruditis
622 1146 649 1192 et
671 1136 750 1193 bonis
774 1145 803 1192 tu
826 1138 958 1193 nemiuem
982 1136 1046 1191 inihi
1069 1135 1144 1191 dalds
1168 1136 1214 1210 qui
1237 1151 1291 1190 nou
1312 1141 1442 1190 strennue
1457 1147 1572 1189 cousen-

267 1224 338 1277 atiat
360 1240 421 1278 euru
443 1222 571 1278 liuthero.

352 1303 451 1383 [tw]
496 1324 546 1363 nn.
570 1309 610 1362 Ac
632 1323 667 1362 rrr
689 1309 723 1363 dc
745 1310 811 1363 sede
835 1307 966 1363 Romarm
989 1324 1114 1378 anquam
1137 1308 1333 1362 inconstanter
1362 1305 1472 1360 locotus
1499 1319 1571 1359 snm.

290 1409 340 1448 ou.
364 1393 451 1459 Quare
474 1410 528 1448 uon
553 1393 755 1449 irreonsrantert
789 1393 915 1467 quoniam
938 1393 1086 1449 fortissima
1109 1391 1226 1465 suspitio
1256 1398 1298 1446 est
1326 1389 1353 1444 in
1383 1407 1411 1445 re
1441 1389 1514 1464 turpi
1545 1397 1571 1446 te

289 1495 344 1533 noo
367 1478 490 1551 potuisse
512 1478 655 1551 imperinm
677 1478 843 1539 detrectare,
872 1486 899 1533 et
927 1478 1057 1551 optimarn
1085 1477 1217 1551 quandam
1240 1474 1389 1531 mercedem
1413 1484 1441 1529 ct
1463 1475 1572 1530 minime

288 1563 485 1618 contemnenda
509 1581 600 1636 operte
623 1564 711 1636 precia
735 1573 898 1637 reportasse.
936 1563 1039 1636 alioqui
1061 1562 1216 1636 qualinam
1238 1567 1347 1635 poterat
1370 1561 1409 1616 sic
1431 1569 1572 1616 excantare

256 1658 330 1708 rote,
355 1656 385 1704 ut
408 1649 547 1704 marrileste
570 1648 769 1704 contradiceres
792 1649 914 1704 veritati?

353 1729 449 1809 [tara]
494 1749 544 1789 un.
574 1734 632 1788 Nec
658 1736 849 1805 indutpeatias
878 1750 998 1805 nsquam
1027 1735 1056 1787 in
1086 1740 1172 1788 totum
1201 1734 1313 1788 damam.
1390 1747 1440 1788 or.
1468 1730 1494 1786 Si
1518 1747 1571 1787 uon

288 1819 411 1880 damnas,
435 1818 530 1892 profer
551 1836 618 1890 ergo
642 1817 681 1873 rel
706 1837 786 1873 unuin
811 1820 865 1874 iota
888 1819 967 1874 nobis
989 1818 1022 1873 dc
1045 1818 1125 1890 ungis
1147 1826 1175 1873 et
1197 1815 1339 1873 tendiculis
1363 1815 1416 1871 illis
1444 1833 1477 1871 ex
1506 1816 1572 1872 scri·

289 1904 386 1977 pturis.
431 1904 587 1976 accingere,
611 1904 662 1959 iarn
685 1913 790 1960 ruatnra
812 1921 856 1960 res
879 1912 935 1968 est3
957 1903 1060 1977 alioqui
1082 1912 1170 1959 aetum
1192 1903 1225 1959 de
1247 1902 1290 1958 his
1312 1902 1373 1958 erit.
1401 1901 1483 1957 dudis
1499 1901 1572 1975 quod

288 2007 415 2045 vocamus
439 2006 539 2062 ungas,
563 1989 727 2063 imposturas
749 1998 776 2044 et
799 2007 924 2062 sagenam
946 1989 1056 2045 diaboli.

256 2085 280 2124 ¹⁵
353 2069 451 2149 [hm]
496 2091 545 2130 un.
573 2074 625 2130 Ubi
645 2090 711 2131 acro
735 2092 860 2146 trrrqaom
882 2082 1038 2131 execratas
1059 2091 1121 2131 snm
1144 2077 1189 2130 ins
1210 2074 1377 2129 caesoriacum
1406 2080 1434 2128 et
1456 2072 1572 2143 perdid·

288 2177 352 2215 cnm
374 2162 465 2214 scita?
523 2176 574 2216 or.
598 2160 649 2215 Sed
672 2177 726 2232 quo
750 2167 839 2216 taruco
863 2160 1014 2216 honestatis
1038 2167 1170 2234 praetextu
1185 2175 1240 2214 uon
1256 2157 1409 2215 execraris?
1433 2174 1485 2231 qua
1508 2174 1572 2213 eou-

288 2245 419 2300 scientia‘t
443 2262 494 2318 qna
517 2246 635 2318 pietate?
659 2261 710 2317 iqua
734 2245 800 2301 fidet
832 2246 896 2301 ‘laur
918 2244 969 2301 leri
993 2253 1130 2301 momento
1152 2244 1251 2301 Christi
1275 2244 1301 2298 iu
1325 2252 1351 2298 te
1374 2242 1439 2298 tides
1461 2242 1571 2304 residet,

288 2329 329 2385 rel
353 2330 419 2385 adeo
443 2331 582 2385 obstinare
604 2330 742 2386 decretum
765 2339 807 2386 est
830 2330 891 2392 tibi.
916 2339 946 2385 ut
968 2332 991 2386 si
1014 2332 1095 2386 etiarn
1116 2331 1149 2385 de
1171 2329 1311 2402 evaugelio
1326 2328 1455 2384 decedere
1470 2326 1572 2401 aliquid

288 2415 440 2488 oportebit,
475 2415 546 2470 aliud
570 2424 658 2471 tarnen
682 2416 769 2471 lacere
792 2416 881 2471 uolist
915 2420 955 2471 dn
984 2424 1103 2471 ruentern
1131 2432 1185 2471 non
1216 2414 1300 2470 habes
1322 2423 1350 2469 et
1372 2412 1484 2469 oeulos't
1516 2428 1571 2469 uon

253 2501 362 2556 atrides
384 2518 464 2573 quam
488 2501 565 2556 laedis
588 2500 741 2557 nominibus
764 2500 882 2575 appellet
904 2503 1053 2575 scriptura.
1082 2518 1162 2575 quarn
1184 2500 1284 2575 passim
1306 2498 1427 2560 exibilat,
1451 2496 1572 2572 explodit

288 2594 316 2640 et
330 2586 498 2647 detestatur,
522 2604 602 2659 quarn
618 2584 733 2641 sollicite
750 2596 856 2648 mouet,
880 2595 910 2641 ut
924 2587 998 2643 velut
1014 2596 1116 2660 pestem
1131 2586 1280 2642 devitemus
1295 2593 1321 2640 et
1337 2601 1490 2645 macarius,
1508 2583 1572 2638 dum

287 2680 364 2726 roeat
387 2680 529 2743 argentum
552 2688 658 2726 sersuru
682 2671 707 2725 iu
731 2672 859 2733 seoriam.
883 2672 992 2728 ealieern
1014 2672 1067 2727 riui
1089 2672 1190 2727 luroris
1211 2670 1326 2732 domiui,
1350 2670 1438 2725 riuum
1459 2669 1572 2724 mistum

288 2773 373 2828 aqua,
397 2755 486 2812 riuuru
501 2757 688 2812 damnatorum
706 2757 731 2811 iu
746 2757 828 2813 ilomo
843 2758 886 2812 dci
901 2759 1003 2819 nostri,
1027 2775 1123 2831 aquarn
1139 2756 1271 2813 turbidam
1287 2755 1418 2828 Aegypti,
1440 2754 1572 2811 cisternas

287 2840 432 2914 dissipatas
454 2842 512 2897 sine
534 2859 618 2920 aqua.
649 2840 716 2896 telas
739 2859 914 2904 araneorum.
944 2860 992 2899 ora
1015 2844 1151 2916 aspidum,
1178 2841 1378 2915 coloquintidas
1407 2840 1571 2899 mortiferas.

254 2925 393 2998 aspaleas,
410 2925 555 2999 stipulam,
573 2926 686 2988 lienum,
704 2928 881 2989 lerrneutuur,
897 2928 1139 2989 abominationem,
1162 2935 1268 2983 stereus
1284 2935 1312 2982 et
1326 2924 1439 2998 laqueos
1453 2922 1571 2980 diaboli?

351 3005 449 3087 [lats]
494 3028 543 3067 un.
572 3011 647 3079 Quid
673 3015 709 3068 sit
732 3015 895 3084 porrtificcm
925 3016 953 3068 in
981 3016 1109 3070 ordinem
1138 3014 1282 3084 rodiam,
1314 3028 1370 3066 non
1405 3012 1477 3065 satis
1503 3011 1570 3065 scio.

289 3113 337 3152 or.
362 3094 506 3159 Existimo,
531 3097 552 3154 si
576 3114 647 3152 rinno
670 3097 770 3153 viveret
786 3098 932 3158 llutteuns.
956 3100 1009 3155 hoc
1030 3098 1208 3172 responderet
1229 3098 1361 3153 tortasse:
1387 3096 1479 3152 vulsor
1500 3094 1570 3150 euim

288 3198 359 3236 nune
381 3180 453 3236 illius
476 3182 555 3238 rcrha
579 3183 642 3238 inihi
666 3182 758 3238 andire
781 3193 808 3240 et
830 3185 955 3257 spiritum
978 3183 1093 3239 habere:
1117 3183 1153 3239 ‘Si
1176 3181 1309 3239 exaltatus
1333 3181 1415 3238 luerit
1436 3189 1466 3236 ut
1481 3178 1571 3253 aquila

287 3275 315 3322 et
338 3266 409 3321 iuter
430 3266 517 3322 sidem
540 3268 663 3340 posuerit
685 3268 777 3324 uidnrn
800 3286 891 3329 surmr.
926 3279 956 3325 ut
984 3288 1033 3343 per
1061 3269 1171 3324 verbum
1198 3268 1299 3324 domiui
1328 3266 1389 3322 iude
1416 3266 1571 3322 delimamus

254 3364 353 3407 atreum
376 3351 605 3426 praedicemusque
628 3352 843 3409 abominationes
866 3355 951 3428 ipsius
974 3355 1129 3429 nephandas
1155 3362 1183 3409 et
1206 3353 1336 3427 pessimas
1359 3351 1484 3407 omuibus
1506 3367 1572 3423 gen·

289 3435 376 3500 tibus,
410 3438 588 3494 olfaciamus
611 3437 813 3495 obsecrationes
836 3440 868 3494 ad
896 3440 1034 3496 douriuum
1056 3441 1144 3496 lesum
1166 3439 1315 3498 Christum.
1351 3437 1397 3510 qui
1426 3444 1468 3492 est
1490 3443 1572 3508 eaput

287 3520 406 3577 ecelesia
429 3540 489 3594 quau
512 3531 555 3578 est
576 3540 675 3597 eorpus
699 3522 787 3586 illius,
818 3533 847 3580 ut
869 3526 994 3581 conlleiat
1016 3543 1077 3582 euru
1099 3542 1221 3600 spumam
1244 3524 1301 3580 oris
1323 3524 1380 3585 sui,
1409 3521 1571 3594 deiiciatque

287 3624 319 3662 cs
334 3606 430 3667 astris,
453 3607 498 3662 ubi
515 3608 641 3665 exaltavit
663 3608 761 3665 solium
785 3628 877 3671 suurn.
900 3612 933 3667 de
955 3619 1048 3666 urente
1071 3610 1239 3672 testamenti,
1262 3608 1441 3681 detrahatque
1464 3607 1491 3662 in
1506 3623 1571 3680 pro·

287 3692 399 3747 lundrun
423 3692 487 3754 laci,
511 3702 538 3748 et
561 3694 641 3750 laciat
664 3694 826 3769 babylonem
850 3695 936 3756 illam.
962 3697 987 3752 id
1009 3705 1052 3752 est
1073 3695 1146 3752 illam
1169 3698 1253 3752 let-eru
1275 3694 1397 3750 ultimam
1419 3692 1571 3749 cortisano-

253 3789 362 3840 asrum,
396 3777 466 3833 sieut
487 3778 620 3835 subvertit
642 3780 768 3836 (lominus
791 3781 933 3838 Sorlornanr
962 3791 990 3838 et
1012 3782 1184 3843 Gomorram,
1218 3787 1249 3835 ut
1277 3778 1366 3835 salvus
1394 3777 1430 3833 sit
1457 3777 1570 3852 spiritus

288 3879 382 3918 eornm
405 3862 431 3917 in
454 3863 497 3918 die
520 3864 618 3920 indicii.
663 3865 727 3921 Nam
751 3866 802 3922 iste
824 3875 866 3923 est
889 3868 928 3923 vir
950 3868 996 3942 qui
1019 3867 1191 3924 conturbavit
1220 3874 1334 3926 terram,
1363 3863 1410 3938 qui
1432 3862 1571 3919 concussit

287 3965 382 4020 regua.
416 3948 462 4021 qui
491 3949 583 4022 posuit
612 3950 706 4006 orbern
736 3951 886 4014 desertum,
921 3954 967 4027 qni
991 3953 1089 4010 occidit
1110 3954 1212 4008 anilitas
1235 3969 1294 4025 quae
1323 3966 1377 4006 uon
1407 3949 1570 4010 moriuntur,

287 4033 332 4105 qui
355 4041 386 4088 ut
408 4050 507 4106 auceps
529 4045 678 4108 aucupatus
701 4044 743 4091 est
771 4038 909 4110 preciosas
937 4039 1055 4101 animas,
1089 4056 1139 4112 pro
1167 4036 1266 4112 quibus
1294 4035 1417 4091 Christus
1446 4042 1570 4090 mortuus

285 4125 342 4180 est,
366 4118 412 4191 qui
434 4118 510 4190 virga
532 4138 580 4176 sua
601 4121 697 4177 cecidit
719 4122 836 4195 populos
860 4124 886 4179 in
910 4125 1016 4186 lurore,
1039 4124 1120 4198 plaga
1141 4121 1297 4184 insanabili,
1320 4121 1489 4176 anathemate
1510 4136 1571 4175 ern·

253 4202 443 4259 todelisshno'.
481 4204 536 4261 lloe
558 4205 628 4278 apud
652 4205 798 4262 llutteuum
821 4216 848 4264 et
871 4207 973 4265 Esaiam
997 4209 1157 4284 prophetam
1180 4208 1278 4264 luisset
1300 4206 1328 4261 iu
1351 4205 1472 4261 ordinem
1500 4204 1571 4259 redi·

286 4305 350 4361 gere
373 4289 535 4362 pontificem.
570 4289 602 4345 m
623 4292 683 4347 dico
707 4292 754 4347 tibi
779 4294 890 4350 ‘securis
913 4295 944 4350 ad
968 4296 1083 4352 radicem
1107 4297 1158 4350 iam
1180 4294 1269 4367 posita
1292 4300 1342 4347 est.
1379 4290 1504 4347 domiuus
1526 4306 1570 4344 cx·

286 4373 420 4429 ercituum
434 4374 561 4437 (laeserit,
584 4384 611 4431 et
634 4377 694 4451 quis
718 4379 821 4450 poterit
842 4379 996 4435 inllrmarel
1019 4389 1046 4436 et
1062 4398 1156 4437 manus
1171 4380 1230 4435 eius
1246 4385 1367 4437 extenta.
1391 4376 1452 4450 quis
1467 4382 1572 4431 avertet

286 4461 362 4514 eam?
384 4459 510 4515 domiuus
532 4461 598 4517 deus
621 4461 728 4518 locutus
751 4472 805 4524 est,
831 4465 891 4538 quis
914 4483 968 4520 non
992 4465 1193 4540 prophetabitt'

351 4538 449 4620 [teth]
494 4562 543 4602 aa.
568 4546 712 4603 Hnttcrrns
734 4551 883 4605 mntcrtiait
902 4553 1046 4622 pontifici,
1077 4568 1129 4607 nec
1151 4552 1237 4606 ullam
1260 4565 1386 4605 muscam
1408 4547 1571 4603 Romanen-

252 4631 447 4685 essentem.
514 4647 564 4687 or.
588 4631 686 4690 Eorum
710 4633 802 4690 nrbern
826 4634 932 4709 quidem
954 4653 1010 4692 nou
1032 4637 1158 4699 exscidit,
1182 4653 1237 4692 nou
1259 4636 1371 4691 vastarit
1398 4632 1520 4689 colonias
1541 4641 1570 4689 el

286 4715 487 4787 possessiones,
511 4717 557 4772 sed
580 4735 629 4774 uec
652 4736 768 4793 nuquam
792 4719 898 4777 volebat
920 4730 1039 4778 uastare:
1065 4722 1190 4779 clamarit
1210 4730 1299 4777 autem
1321 4720 1448 4776 audacter·
1471 4720 1568 4792 impios

286 4808 313 4853 et
335 4799 519 4856 Antichristus
542 4820 601 4858 esse
623 4813 651 4860 et
673 4813 776 4878 pestem
800 4806 954 4880 reipublicae
977 4808 1136 4866 Christianae
1159 4826 1232 4872 esse;
1255 4806 1379 4863 clamarit
1400 4814 1427 4862 et
1443 4805 1519 4866 ricit,
1543 4813 1571 4862 et

286 4900 357 4941 rinno
378 4885 521 4943 deluuetus
543 4887 640 4945 elamat
662 4899 690 4946 et
713 4890 869 4966 triumphat.

285 4982 487 4993 ——-—-

351 5015 362 5048 ⁸
380 5020 528 5084 prolana.
565 5018 702 5073 ⁴etrenne
718 5026 742 5073 3.
779 5022 969 5092 ’suspicion
1005 5027 1159 5095 ⁹pretin3.
1195 5027 1372 5080 ”uelandus
1386 5030 1412 5078 3.
1448 5026 1470 5059 ³⁹
1489 5026 1570 5077 creci-

285 5101 326 5151 dit
344 5104 370 5153 3.
411 5101 434 5136 ⁴³
447 5105 550 5156 excidit
563 5108 589 5156 3.
616 5112 619 5120 '
