3934 6034
333 667 405 738 402
443 681 680 733 CCCLX.nnasnr
692 698 728 733 ao
742 698 805 734 aso.
820 684 961 735 CCCLXI.
976 701 1078 735 anistri
1086 701 1123 735 ao
1134 702 1168 735 nn
1179 702 1214 736 ca
1224 696 1551 736 soscir.ne.n.ao.aunr.
1565 694 1622 735 taes

349 886 485 921 nisinen.
878 853 1060 933 CCCLX
1395 884 1428 925 tt.
1443 891 1529 925 uine.
1546 884 1605 924 isat.

474 1028 624 1085 Ettdsttt's
645 1028 884 1085 ROTEROttAttt'S
902 1031 1125 1087 lldtilS'l'lld'l'l'l
1147 1031 1384 1089 Attossb'rtdssb'st
1407 1034 1433 1090 S.
1449 1036 1477 1090 l).

415 1149 546 1223 llagnibci
569 1167 598 1204 ac
621 1148 828 1223 splcmlidissimi
847 1150 957 1206 domini.
1002 1150 1033 1206 Et
1063 1168 1122 1206 anio
1151 1161 1178 1208 et
1206 1169 1319 1209 reneror
1341 1153 1470 1227 pietatem
1494 1162 1620 1216 vestram,

331 1238 404 1312 quod
426 1235 520 1291 lavetis
543 1233 697 1308 cvangelio.
717 1253 767 1309 pro
791 1253 845 1309 ipio
867 1236 1040 1310 provehendo
1062 1254 1113 1309 ego
1137 1237 1187 1292 iarn
1209 1246 1249 1292 tot
1270 1238 1346 1293 annis
1365 1246 1469 1295 tantum
1489 1238 1620 1295 exhaurio

329 1323 453 1379 laborum
476 1329 634 1393 tantumque
656 1321 777 1375 sustineo
803 1321 907 1376 invidiae
936 1321 969 1377 ab
997 1321 1038 1376 bis
1062 1320 1107 1395 qui
1133 1321 1217 1395 magis
1247 1323 1356 1379 student
1386 1324 1442 1379 suis
1467 1323 1640 1379 conrnrodiss

330 1427 410 1483 quam
429 1406 524 1481 gloriae
547 1406 660 1467 Cbristi.
685 1424 835 1479 quanquam
855 1405 923 1462 alius
946 1406 997 1461 aliu
1019 1407 1059 1462 ria
1082 1407 1173 1462 studet
1195 1407 1246 1463 boc
1268 1408 1390 1472 efficere:
1413 1409 1460 1465 sed
1480 1408 1543 1464 liuic
1560 1426 1620 1464 san·

329 1494 450 1549 ctissime
479 1491 592 1565 negocio
621 1507 681 1548 sese
708 1491 855 1547 admiscent
883 1492 989 1566 qnidam
1020 1492 1064 1565 qui
1095 1492 1254 1549 subvertunt
1285 1493 1336 1550 boc
1359 1494 1431 1568 quod
1453 1501 1540 1567 agunt
1565 1493 1618 1549 alii.

329 1579 376 1634 Est
398 1578 469 1653 apud
490 1596 537 1633 ros
560 1576 666 1650 quidam
687 1575 797 1631 Scottus
819 1577 1019 1651 typographus,
1050 1577 1096 1651 qui
1123 1586 1224 1651 praeter
1245 1577 1296 1633 alia
1320 1596 1406 1653 nuper
1429 1578 1567 1652 evulgavit
1588 1577 1619 1633 li·

331 1663 431 1719 bellurn
456 1663 566 1718 llutteni
588 1662 614 1716 in
638 1679 679 1716 ine
703 1668 756 1718 taur
779 1661 926 1724 insulsum,
957 1671 986 1717 nt
1007 1680 1177 1736 summopere
1199 1662 1368 1738 displicuerit
1389 1665 1470 1720 etiam
1492 1663 1545 1738 ipsi
1568 1663 1619 1719 Lu·

330 1750 409 1805 tbcro
431 1757 458 1804 et
478 1746 684 1804 blelancbtboni.
727 1765 776 1803 nec
798 1747 849 1803 boe
867 1748 932 1802 satis
955 1748 1018 1807 biit,
1047 1765 1154 1803 rursum
1182 1747 1249 1804 elain
1274 1749 1381 1805 excudit
1404 1750 1519 1805 eundem
1542 1747 1651 1804 libel-io

328 1835 383 1890 lrnn
402 1852 462 1890 curn
483 1833 609 1889 invectim
629 1831 767 1887 cniusdam
785 1850 879 1906 parum
902 1832 999 1893 sobrii,
1023 1833 1069 1887 sed
1090 1832 1169 1888 taleni
1190 1842 1219 1888 ut
1239 1843 1266 1889 et
1286 1833 1364 1890 bonis
1385 1833 1472 1890 literis
1494 1842 1521 1889 ct
1541 1851 1620 1889 eran-

329 1920 417 1992 gelico
441 1920 553 1993 negocio
577 1917 721 1992 plurirmnn
744 1917 779 1972 sit
800 1917 955 1973 ollecturns.
994 1916 1050 1989 Ego
1073 1918 1144 1991 quod
1165 1918 1196 1973 ad
1216 1936 1258 1974 ine
1277 1920 1409 1993 pertinet.
1433 1937 1542 1975 manum
1565 1936 1619 1974 non

328 2006 472 2071 verterim,
495 2012 522 2059 ct
545 2004 601 2059 scio
624 2003 691 2058 banc
714 2020 770 2058 rem
790 2002 865 2056 robis
887 2004 971 2058 risum
995 2004 1026 2057 iri
1048 2003 1177 2059 minorem
1197 2013 1284 2059 restra
1305 2004 1480 2078 cognitione:
1509 2005 1557 2060 sed
1582 2013 1620 2059 ta-

329 2108 389 2146 men
412 2091 483 2146 istud
501 2090 581 2145 ctiam
606 2097 688 2161 atque
710 2088 790 2142 ctiam
812 2088 953 2144 ridendum
975 2096 1029 2150 cst,
1060 2106 1093 2143 ne
1115 2088 1171 2144 lime
1191 2088 1297 2144 licentia
1318 2089 1487 2145 dissimulata
1510 2090 1619 2145 tandem

328 2183 451 2250 erilinpat
467 2192 508 2238 eo,
531 2182 561 2229 nt
583 2173 729 2248 perniciem
752 2172 855 2228 adserat
874 2174 911 2228 rei
936 2173 1051 2247 publice
1073 2182 1178 2229 vestra.
1221 2174 1298 2229 Certe
1321 2173 1477 2247 evangelico
1500 2176 1652 2248 negocium

328 2279 381 2317 non
405 2278 499 2334 parum
522 2259 654 2319 obfuerit,
676 2259 697 2312 si
722 2258 827 2313 rideant
851 2258 972 2314 bomines
992 2276 1041 2332 per
1062 2260 1229 2314 occasionem
1252 2259 1382 2332 evangelii
1407 2259 1566 2333 reipublicae
1581 2261 1621 2316 di·

329 2346 468 2421 sciplinanr
490 2345 547 2400 beri
571 2344 743 2399 deteriorem.
789 2344 815 2398 Si
838 2344 938 2417 cupitis
960 2361 1127 2416 cognoscere
1150 2343 1236 2417 qualis
1259 2344 1294 2400 sit
1315 2344 1359 2399 ille
1379 2343 1505 2406 libellus,
1531 2363 1621 2401 accer-

328 2432 379 2487 site.
403 2430 548 2486 lledionein
570 2437 617 2484 aut
635 2429 800 2503 Capitonem.
843 2428 901 2483 Non
918 2429 1024 2483 invideo
1047 2429 1140 2484 Scotto
1158 2447 1235 2484 sunm
1257 2437 1406 2502 clucestum,
1429 2438 1457 2485 ct
1479 2432 1538 2486 scie
1560 2449 1622 2486 curn

328 2517 374 2590 qui
395 2516 517 2589 scripsit.
544 2513 631 2570 alieno
661 2514 788 2569 instinctu
812 2514 961 2587 scripsisse.
1003 2514 1098 2587 quodsi
1128 2522 1215 2569 vestra
1247 2514 1388 2588 prudentia
1414 2514 1547 2571 iudicabit
1569 2516 1621 2571 lioc

327 2600 563 2660 dissimulandum,
587 2598 742 2671 aequissimo
764 2598 852 2654 asinio
874 2599 972 2660 serrum
992 2607 1108 2654 attamen
1130 2617 1180 2673 pro
1203 2617 1263 2655 nico
1283 2617 1347 2673 erga
1371 2599 1457 2655 bonas
1480 2599 1577 2657 literas
1593 2609 1651 2655 etat

328 2705 392 2757 erpa
415 2703 471 2742 rem
493 2683 674 2757 evangelicam
696 2684 792 2740 all'eetn
814 2684 1004 2756 syncerissimo
1033 2684 1118 2738 risum
1143 2692 1184 2739 est
1215 2685 1265 2739 boc
1292 2685 1436 2740 admonere.
1467 2686 1543 2758 quod
1567 2686 1621 2741 lor·

329 2780 400 2826 tasse
423 2769 544 2826 nonuibil
567 2769 701 2824 etiamad
725 2777 819 2824 vostra
840 2769 956 2824 civitatis
978 2770 1148 2824 commodum
1170 2771 1274 2824 attinet.
1316 2770 1444 2825 {lominus
1468 2770 1545 2826 lesus
1566 2788 1620 2826 rem

328 2856 461 2930 publicam
479 2864 595 2910 vestram
616 2854 683 2909 bene
705 2855 827 2910 lortiinet
855 2871 956 2927 vosque
982 2871 1075 2909 ornnes
1106 2863 1193 2909 servet
1222 2855 1383 2917 incolumes,
1412 2855 1620 2928 generosissimi

327 2960 357 2997 ac
379 2940 589 3016 splendidissimi
612 2940 675 3001 rici,
703 2957 817 3013 citriorum
841 2938 1011 3012 ainplitudini
1034 2941 1084 2994 iarn
1104 2938 1167 2994 olim
1191 2938 1282 2994 nrultis
1305 2940 1462 2996 nominibus
1490 2958 1552 2995 suni
1576 2941 1621 2995 de·

327 3026 516 3083 vinctissinnrs.
560 3024 668 3080 basilea
688 3024 821 3080 {lominica
845 3024 995 3099 passionis,
1020 3027 1095 3078 dium
1114 3024 1137 3078 ll
1154 3025 1172 3079 ll
1188 3024 1282 3079 xxdtt.
1627 3042 1651 3081 as

327 3176 455 3228 cecus.
495 3175 553 3224 i...a
571 3192 605 3216 1:
622 3175 812 3240 ErasmiEpp.
832 3141 1167 3235 ind.nii.i.1e.ss‚2....=‚.)
1223 3172 1418 3239 nemim.
1472 3174 1621 3240 spois.

607 3259 633 3314 3t
652 3259 704 3309 col.
717 3257 776 3308 986.
791 3259 848 3307 XX.
863 3258 903 3307 21.
957 3258 983 3313 ‘lt
1003 3258 1054 3306 col.
1069 3256 1127 3306 793.
1142 3259 1180 3307 n⁰.
1195 3274 1327 3308 ocnxxrv.

824 3411 1109 3427 --ου

344 3566 478 3601 ussisse.
868 3532 1070 3607 CCCLXI.
1391 3559 1426 3600 eo.
1441 3565 1529 3601 uass.
1545 3562 1605 3602 isai.

1380 3625 1388 3629 -
1415 3624 1622 3634 ·—-——-—-

528 3690 679 3745 ElldSlll'S
696 3690 935 3747 Rortflotntltts
956 3692 997 3747 dlt
1019 3691 1048 3746 N.
1066 3691 1105 3745 bt]
1124 3691 1165 3745 tt
1189 3690 1322 3746 noscitu.
1340 3690 1365 3745 S.
1383 3691 1411 3746 l).

410 3812 446 3867 Ex
469 3811 614 3867 amicorum
635 3809 722 3865 literis
743 3828 774 3865 ac
795 3811 986 3884 praedicatione
1014 3811 1144 3883 cognovi.
1171 3811 1210 3864 rir
1238 3811 1425 3872 ornatissime.
1451 3813 1501 3868 sed
1525 3814 1650 3887 preci-at

325 3915 378 3972 pue
398 3895 533 3952 llieliaelis
554 3895 631 3950 ssidis
653 3904 680 3950 ct
702 3896 831 3951 (luidonis
848 3896 998 3956 llorilloni‚
1023 3913 1100 3969 quani
1124 3895 1234 3950 candide
1256 3896 1289 3950 de
1312 3896 1415 3952 nostris
1439 3898 1541 3953 studiis
1560 3917 1619 3954 scn-

325 3982 384 4038 tias.
431 3983 455 4037 id
479 3981 587 4055 quidem
612 3981 676 4036 mibi
700 3999 797 4038 norum
816 3999 870 4037 non
894 3990 949 4043 cst,
977 3980 1193 4055 quandoquidem
1221 3989 1283 4035 ante
1314 3980 1415 4037 iiuiltos
1439 3982 1493 4038 iam
1524 4002 1619 4047 anuos,

324 4086 408 4142 qaum
431 4066 500 4141 apud
526 4066 704 4122 clarissimum
732 4075 871 4141 parentem
900 4075 975 4122 tuum
1006 4064 1195 4122 cancellarium
1224 4074 1280 4121 tum
1298 4083 1407 4139 agerem
1431 4070 1528 4125 nescio
1545 4070 1618 4143 quid.

325 4172 379 4227 ipio
404 4162 526 4226 tempore
550 4160 578 4207 tn
602 4169 686 4207 novus
708 4169 768 4207 eras
792 4152 917 4213 maritus,
945 4152 1016 4207 sensi
1047 4152 1163 4206 favorem
1192 4168 1256 4223 erga
1282 4169 1324 4206 me
1349 4159 1426 4207 tuum
1448 4170 1618 4227 propensum

323 4258 352 4294 ac
376 4236 531 4311 benignum.
576 4256 639 4294 saue
672 4237 698 4292 in
727 4236 850 4292 omnibus
871 4237 961 4292 inundi
986 4236 1143 4309 regionibus
1164 4254 1229 4292 inere
1253 4236 1456 4293 lucubrationes
1478 4239 1544 4294 mibi
1566 4246 1649 4295 tanis.

323 4323 436 4383 multos.
461 4332 513 4378 tam
538 4321 660 4395 insignes
682 4322 782 4378 amicos
806 4329 982 4396 pepererunt.
1007 4330 1038 4376 nt
1059 4321 1080 4375 si
1104 4329 1234 4395 praeterea
1257 4320 1324 4376 nibil
1346 4321 1504 4386 accederet.
1530 4332 1618 4379 tainen

322 4410 373 4465 boe
397 4409 505 4464 nornine
527 4408 591 4463 mibi
616 4408 767 4482 potuissem
792 4406 896 4462 abunde
914 4406 976 4461 ielis
998 4406 1096 4466 videri.
1119 4407 1146 4461 ni
1168 4424 1223 4461 inca
1241 4414 1367 4462 senectus
1384 4408 1411 4461 in
1427 4407 1480 4464 boc
1497 4409 1618 4465 seculum

321 4512 377 4550 non
400 4512 453 4549 uno
475 4494 555 4549 modo
577 4493 764 4549 turbulentum
786 4493 924 4548 incidisset
927 4533 1334 4546 ..................
1353 4492 1380 4547 ln
1404 4490 1551 4550 Germania
1569 4495 1619 4549 iam

321 4581 424 4655 pridem
446 4578 600 4653 gestiebant
623 4597 664 4634 me
684 4578 755 4653 stylo
784 4578 931 4633 confodere
960 4580 1005 4651 qui
1035 4595 1063 4633 se
1092 4577 1190 4632 iactant
1218 4576 1404 4649 evangelicos,
1436 4596 1524 4653 quum
1554 4576 1619 4635 nibil

413 4728 583 4808 QLXI.
602 4729 712 4778 Erasini
725 4728 878 4805 Eppffl.
893 4727 959 4776 bibl.
973 4729 1010 4776 nl.
1024 4726 1100 4791 sibe.)
1119 4742 1143 4790 p.
1158 4724 1216 4773 llll.
1230 4740 1288 4791 sqq.
1303 4725 1340 4774 nl.
1355 4741 1497 4777 ncaxxur.

387 4866 529 4932 ⁷negotio
550 4868 610 4915 Η.
635 4872 659 4914 et
683 4868 721 4914 sic
744 4866 822 4929 infra.
900 4862 918 4895 ¹¹
940 4862 1054 4928 cuiusd.]
1079 4863 1136 4912 (tlt.
1157 4864 1337 4914 llrunnielsii.
1398 4863 1421 4897 ¹³⁴
1444 4873 1574 4933 erumpet
1593 4866 1619 4916 3.

319 4953 338 4986 ²¹
359 4955 459 5003 sincer.
475 4954 499 4999 d.
553 4950 575 4982 ²³
594 4952 701 4999 bitteris
724 4966 863 5014 expressos
886 4956 923 4997 est
947 4951 1008 4996 anari
1029 4965 1144 4996 rrirrnerirs
1167 4950 1192 4995 in
1212 4951 1238 4996 3.
1277 4950 1420 5014 Perperam
1439 4954 1457 4998 4
1475 4954 1514 5001 sic
1532 4952 1621 5002 laedet:

320 5039 447 5092 Basilea.
467 5037 615 5086 Dominiea
635 5036 792 5099 Passionis,
814 5034 898 5097 idest,
918 5033 960 5081 27.
975 5033 1083 5095 blnrtii,
1103 5034 1180 5082 Anno
1201 5033 1273 5084 1524.
