3934 6034
357 657 508 709 ccxnul.
523 674 625 709 sonum
640 674 720 709 nessi
735 673 770 709 uu
784 674 887 710 irsrvu
900 674 988 710 rouen
1002 674 1057 710 cru
1070 673 1200 708 nrrusuo
1214 671 1350 707 nnnerur.
1366 669 1477 706 ennom.
1532 637 1579 708 57

357 829 460 880 Paullo
479 837 540 896 post
557 830 687 881 Eobenus
706 831 812 880 Hessos
830 830 945 880 Lutheri
965 831 1093 879 comitem
1112 828 1266 879 celebravit
1284 828 1337 877 hae

328 954 375 1010 ΑΒ
399 953 521 1010 IVSTVM
542 954 644 1010 {UNAM
667 953 867 1009 THEOLOGVM
890 953 955 1008 CVM
977 953 1124 1009 ninnru'e
1147 951 1342 1008 REDEVNTEM
1364 952 1384 1007 A
1408 948 1546 1006 CAESARE

869 1071 996 1112 Enrzcnn.

498 1178 536 1231 Tu
559 1193 683 1249 «leoque.
707 1176 868 1248 magnanimi
891 1192 983 1233 eomes
1007 1175 1137 1230 inderiete
1159 1173 1285 1235 liutheri,

579 1261 678 1317 Noster
700 1262 727 1316 in
749 1262 815 1323 hee,
838 1262 901 1317 lone
924 1268 1016 1335 perne,
1039 1260 1174 1316 canendus
1197 1277 1272 1319 eras.

497 1348 566 1402 Anse
590 1354 682 1420 purete
705 1347 782 1420 sequi
804 1346 878 1402 velut
901 1347 926 1402 in
950 1364 998 1401 sua
1022 1345 1074 1399 fatu
1099 1352 1235 1405 ruentum.

581 1431 627 1487 Est
649 1432 729 1487 eliam
752 1433 840 1488 meriti
863 1432 950 1506 gratie
973 1448 1069 1503 magna
1093 1430 1146 1485 lui:

497 1517 614 1590 Namque
636 1534 687 1590 per
709 1517 833 1581 insidias,
857 1517 955 1591 quibus
979 1517 1067 1572 omnin
1091 1514 1170 1589 plena
1192 1514 1337 1577 melorum.

581 1603 650 1656 Laris
673 1610 715 1656 est
736 1620 787 1676 pro
809 1602 917 1659 Christo
939 1620 995 1658 uun
1017 1602 1140 1657 timuisse
1163 1600 1240 1656 mori.

498 1688 549 1742 lnrn
573 1704 620 1742 sun
643 1687 814 1760 stringebant
836 1688 947 1744 Romani
970 1686 1024 1743 teia
1046 1686 1149 1760 cynredi

581 1772 609 1826 ln
632 1779 713 1846 eaput
736 1781 763 1829 et
785 1774 879 1834 vitain.
903 1781 996 1829 sancte
1015 1772 1147 1831 Ludrere.
1172 1778 1258 1825 trram:

497 1858 579 1932 lumin
601 1865 727 1913 conatum
750 1859 876 1932 sprevisti
899 1859 1010 1915 sortiter
1031 1858 1152 1918 hostem,

584 1943 763 2016 spernentem
785 1944 863 1999 lenes
886 1946 931 2018 qui
954 1951 1118 2017 sequeretur
1139 1950 1205 1997 erae.

498 2198 610 2255 Romule
633 2198 697 2272 quid
719 2198 806 2254 voluit
828 2201 913 2273 pestis
936 2199 1062 2256 nocuisse
1085 2198 1219 2258 Liuineio.

583 2283 640 2339 ileu
663 2284 764 2357 pudor,
789 2285 814 2339 in
837 2285 925 2341 medio
949 2285 1080 2340 Teutonis
1103 2301 1150 2338 ore
1174 2283 1231 2337 tui?

406 2386 432 2425 rs
496 2368 579 2424 dieite
602 2368 726 2424 Germani
748 2387 890 2443 proceres,
914 2371 1061 2427 fortissima
1084 2385 1172 2442 nuper

583 2455 710 2516 Pectora,
734 2473 797 2511 num
821 2455 878 2511 ueri
901 2474 949 2512 ros
971 2473 1055 2530 penes
1078 2455 1129 2509 isto
1152 2453 1244 2528 pudet.

501 2539 635 2601 Semiviri,
658 2539 776 2595 Romane
799 2540 932 2598 malorum
955 2540 1043 2603 lerna.
1067 2539 1169 2615 cynaedi

587 2624 694 2680 Andent
716 2625 743 2680 in
765 2633 855 2682 veslro
878 2627 967 2683 dicere
991 2628 1047 2681 iure
1071 2624 1148 2680 solo?

500 2707 631 2784 Quodque
653 2710 739 2783 magis
761 2712 859 2773 miror,
882 2712 958 2768 vobis
981 2709 1158 2785 prescribere
1181 2707 1256 2780 loges

587 2795 731 2850 Damnosus
754 2795 842 2851 sinitis
865 2796 927 2852 viiia
949 2796 1098 2870 mancipia?

502 2879 609 2936 Scilicet
632 2879 777 2936 obscurum
800 2888 842 2936 est
864 2890 979 2938 vestram
1004 2900 1058 2937 nou
1081 2880 1149 2936 velie
1173 2879 1300 2941 sulutem,

586 2964 622 3019 Ex
644 2964 721 3021 robis
744 2984 838 3022 nurum
862 2975 964 3040 preter
985 2984 1075 3023 emere
1097 2964 1182 3020 nihii?

500 3050 558 3106 Non
582 3058 670 3105 tumen
693 3050 735 3105 his
757 3052 873 3124 prinuun
896 3060 937 3108 est
960 3070 1004 3107 res
1027 3053 1084 3108 nme
1106 3051 1207 3123 agilam
1230 3049 1364 3123 querelis,

584 3134 655 3190 idue
678 3135 764 3191 modis
786 3146 845 3193 aeta
868 3147 910 3194 est
932 3136 1036 3199 subulo,
1060 3136 1132 3191 nuile
1155 3135 1230 3191 loeis.

501 3218 599 3275 Verum
621 3237 671 3292 ege
694 3238 743 3294 per
765 3239 880 3296 superos
903 3223 1017 3283 iterum,
1041 3221 1197 3278 charissime
1222 3219 1297 3281 ione,

584 3304 631 3360 lile
654 3306 794 3362 nundinio
816 3307 905 3362 surdis
928 3307 1039 3363 auribus
1062 3306 1128 3361 rudo
1152 3308 1261 3360 mouet?

501 3388 569 3456 Quid
593 3399 670 3463 peret
691 3390 737 3447 ille
760 3392 827 3447 urliro
851 3393 928 3448 iustis
951 3393 1086 3448 llullenus
1110 3391 1135 3447 in
1158 3390 1257 3446 ermis?

587 3476 654 3542 Quid
677 3476 748 3532 bone
772 3477 941 3533 Francisrum
966 3478 1045 3533 [urba
1067 3484 1183 3550 sequuta
1205 3475 1318 3531 ducem?

502 3559 593 3616 Feiior
615 3578 648 3615 nn
671 3563 772 3634 aspicio
795 3563 910 3635 pedims·
925 3562 1079 3619 dloundron
1101 3561 1260 3621 lubentem,

587 3646 623 3700 Te
645 3664 745 3720 cupere
769 3648 795 3702 in
818 3647 912 3703 rinelis
935 3666 1031 3722 posse.
1055 3647 1170 3708 Morino,
1194 3646 1281 3701 inuri?

503 3730 634 3804 Quicquid
659 3731 763 3794 idest,
787 3733 839 3787 nisi
863 3750 938 3788 inens
962 3734 1072 3789 lroueni
1095 3733 1215 3788 animose
1239 3730 1344 3791 fefellit,

586 3817 697 3871 Ominor
720 3818 881 3879 infaustum,
905 3818 1009 3891 perdita
1034 3820 1130 3878 Ruina,
1156 3816 1215 3877 uni.

503 3901 607 3955 Perdite
630 3901 751 3976 pontifici
774 3910 918 3976 postquam
941 3904 1003 3959 {iata
1025 3921 1102 3959 serra
1125 3912 1239 3976 tyranno

587 3984 659 4041 Eheu
681 3987 714 4042 de
737 3997 838 4060 (uinum
861 3986 976 4044 eulmine
1000 3988 1074 4062 lapse
1097 3989 1180 4044 iaces:

336 4072 341 4080 '
423 4088 435 4122 s
500 4070 582 4138 Quum
605 4070 757 4127 libertatem
780 4073 885 4128 cunetis
908 4074 987 4135 dare,
1011 4074 1107 4134 dorna,
1131 4071 1253 4134 solenus,

586 4156 681 4230 Aspice
706 4165 731 4213 te
755 4157 847 4212 infelix
871 4176 950 4231 quun
973 4159 1040 4214 nihil
1063 4159 1142 4215 liuius
1165 4157 1256 4213 hebes

503 4240 573 4300 lieu.
597 4240 641 4295 uiri
665 4242 805 4304 rediemus,
830 4260 884 4316 quo
910 4252 983 4298 [urite
1006 4245 1128 4317 [nolentia
1152 4243 1256 4303 Ronue,

586 4326 680 4382 Tertius
703 4345 749 4382 orn
773 4327 861 4390 orbis,
886 4329 1023 4401 quomodo
1047 4328 1130 4384 fructu
1154 4328 1243 4383 iocos?

502 4412 593 4466 Ouinia
617 4412 655 4467 sie
677 4421 807 4486 pereunt,
832 4413 911 4469 etium
934 4412 1083 4469 celsissime
1106 4431 1211 4476 rerum,

411 4515 436 4553 so
585 4496 617 4551 Er
640 4497 705 4552 nihil
730 4507 771 4554 est
795 4499 848 4553 islo
872 4498 922 4553 suh
946 4499 1006 4554 lore
1030 4516 1137 4573 semper
1161 4499 1228 4553 idern

285 4826 407 4878 Prodiit
425 4825 537 4888 primum
558 4824 584 4874 iu
606 4824 763 4891 Elegiarruu
782 4823 852 4872 libro
867 4825 910 4888 qui
927 4825 983 4872 Ind.
998 4824 1065 4873 bibl.
1081 4841 1105 4873 n.
1122 4825 1220 4873 XXXV
1224 4826 1288 4874 1111.
1302 4826 1460 4890 descriptus
1479 4830 1528 4881 est,
1550 4841 1588 4872 re-

312 4912 426 4975 petitur
444 4909 470 4956 in
484 4910 603 4973 Operum
616 4910 697 4958 Hessi
713 4910 882 4970 farrogiuruu
896 4910 1008 4957 dunrunr
1023 4910 1292 4988 exemplis-omnibus
1307 4910 1408 4959 ibidem
1423 4909 1562 4957 indicetis.

1512 4976 1588 4986 ..—

865 5061 1037 5077 *-
